3225 5000
1336 1024 1408 1101 Q.
1454 1024 1793 1090 HoRATI
1839 1022 2153 1090 FLAcel

1188 1188 1260 1286 O
1318 1189 1416 1285 A
1469 1188 1579 1285 R.
1616 1188 1730 1284 M
1785 1189 1836 1284 I
1891 1188 1990 1284 N
2044 1189 2142 1284 V
2199 1187 2312 1283 M

1424 1378 1644 1434 LIBER
1681 1377 2062 1435 SECVNDVS

1636 1528 1849 1535 ——-.

1728 1635 1754 1695 1

914 1744 1139 1805 Motum
1189 1763 1261 1805 ex
1306 1742 1542 1804 Metello
1592 1743 1836 1803 consule
1886 1746 2173 1825 ciuicum,

914 1832 1181 1912 Bellique
1230 1851 1440 1893 causas
1487 1840 1549 1892 et
1592 1834 1741 1893 uitia
1787 1841 1847 1893 et
1891 1832 2127 1914 modoS‚

1001 1922 1352 2000 Ludumque
1399 1921 1698 1982 Fortunae
1746 1923 2064 2000 granisque

788 2026 822 2072 4
1088 2011 1435 2091 Principum
1482 2012 1770 2070 amicitias
1817 2019 1878 2071 et
1924 2028 2084 2070 arma

826 2116 833 2120 ·
911 2100 1186 2160 Nondum
1234 2096 1710 2180 expiatis‘uncta
1757 2099 2099 2180 cruoribuS‚

912 2189 1289 2250 Periculosae
1335 2189 1578 2268 plenum
1627 2207 1777 2268 opus
1824 2189 2009 2269 aleae,

1002 2278 1248 2338 Tractas
1296 2287 1356 2339 et
1400 2278 1631 2338 incedis
1677 2296 1785 2357 per
1830 2280 1998 2357 ignes

789 2380 821 2427 8
1096 2367 1450 2447 Suppositos
1497 2369 1687 2427 cineri
1734 2367 1955 2427 doloso.

912 2455 1160 2517 Paulum
1209 2474 1455 2517 seuerae
1501 2456 1669 2518 Musa
1716 2456 2051 2535 tragoediae

912 2546 1079 2606 Desit
1124 2546 1398 2606 theatris:
1445 2564 1610 2627 mox,
1658 2544 1762 2606 ubi
1808 2544 2074 2624 publicas

1001 2633 1121 2693 Res
1170 2634 1462 2694 ordinaris
1473 2683 1492 2715 ‚
1543 2635 1765 2713 grande
1814 2651 2032 2694 munus

756 2735 819 2782 12
1094 2722 1380 2802 Cecropio
1428 2732 1666 2803 repetes
1713 2732 1991 2802 coturno,

910 2812 1148 2890 Insigne
1195 2813 1436 2873 maestis
1482 2812 1845 2891 praesidium
1891 2814 2012 2872 reis

910 2900 987 2961 Et
1035 2901 1397 2983 consulenti,
1444 2901 1657 2983 Pollio,
1705 2904 1903 2963 curiae
1914 2950 1932 2982 ‚

1001 2989 1110 3051 Cui
1156 2991 1361 3051 laurus
1407 2999 1683 3052 aeternos
1730 2992 1988 3052 honores

755 3093 819 3139 16
1092 3080 1413 3140 Delmatico
1458 3082 1696 3160 peperit
1739 3080 2058 3160 triumpho.

911 3169 1030 3229 Iam
1080 3187 1238 3229 nunc
1284 3171 1500 3229 minaci
1548 3187 1854 3229 murmure
1903 3186 2195 3229 cornuum

911 3259 1273 3335 Perstringis
1322 3259 1511 3339 auris,
1555 3261 1673 3318 iam
1719 3257 1850 3319 litui
1897 3266 2197 3336 strepunt,

999 3347 1119 3406 Iam
1167 3346 1363 3424 fulgor
1409 3363 1712 3408 armorum
1759 3348 1987 3426 fugacis

745 3448 814 3496 20
1086 3434 1302 3495 Terret
1348 3453 1535 3514 equos
1583 3437 1969 3514 equitumque
2020 3434 2236 3495 uoltus

910 3524 1128 3585 Audire
1177 3541 1421 3601 magnos
1467 3525 1584 3583 iam
1630 3523 1839 3584 uideor
1887 3524 2069 3583 duces

908 3614 1040 3674 Non
1086 3612 1368 3672 indecoro
1415 3612 1666 3691 puluere
1715 3612 1985 3673 sordidos

998 3701 1073 3762 Et
1120 3708 1334 3761 cuncta
1379 3709 1679 3762 terrarum
1726 3701 1970 3762 subacta

744 3803 812 3851 24
1083 3790 1329 3851 Praeter
1377 3799 1640 3851 atrocem
1687 3793 1948 3852 animum
1997 3789 2252 3850 Catonis,

906 3879 1053 3941 Iuno
1101 3887 1163 3939 et
1207 3879 1455 3940 deorum
1504 3882 1776 3958 quisquis
1823 3882 2066 3941 amicior

854 3979 859 3984 '
905 3970 1064 4029 Afris
1108 3968 1295 4028 inulta
1342 3977 1604 4029 cesserat
1651 3970 1945 4049 impotens

997 4056 1264 4138 Tellure,
1312 4061 1615 4118 uictorum
1662 4067 1908 4137 nepotes

749 4159 817 4208 28
1087 4145 1339 4207 Rettulit
1385 4148 1630 4207 inferias
1675 4146 2013 4225 Iugurthae.

728 4442 779 4494 Π
816 4315 2640 4496 ξ’(ΑαζζΒχξ(ἒῖφήΒηφψ)λ’(λι)ὅ(δε)π’(πι)α’(αυ)
