3225 5000
1236 314 1367 360 Lm.
1415 315 1465 375 1..
1507 313 1712 363 15-17
2544 299 2627 361 15

649 459 879 521 Tristes
925 466 994 520 'ut
1038 462 1189 541 irae,
1237 479 1383 539 quas
1430 480 1626 539 neque
1671 461 1926 522 Noricus

649 549 927 609 Deterret
974 551 1134 609 ensis
1181 568 1293 608 nec
1339 568 1502 610 mare
1551 551 1902 629 naufragum

739 638 861 698 Nec
910 657 1121 698 saeuos
1168 641 1321 717 ignis
1370 658 1479 699 nec
1527 639 1835 700 tremendo

494 740 557 788 12
828 726 1096 806 luppiter
1142 730 1269 807 ipse
1299 747 1500 789 -ruens
1546 728 1823 789 tumultu.

649 815 868 877 Fertur
915 816 1311 878 Prometheus
1359 818 1575 878 addere
1624 820 1881 896 principi
1966 838 1971 851 ’

648 905 816 965 Limo
867 914 1109 966 coactus
1154 907 1507 985 particulam
1555 908 1815 986 undique

738 994 1050 1055 Desectam
1099 1004 1159 1056 et
1203 999 1399 1056 insani
1444 996 1635 1057 leonis

497 1099 561 1147 16
832 1083 962 1144 Vim
1010 1086 1313 1146 stomacho
1363 1089 1710 1165 apposuisse
1759 1094 1981 1147 nostro.

648 1174 778 1234 Irae
829 1173 1130 1253 Thyesten
1177 1178 1357 1235 exitio
1404 1178 1573 1254 graui

652 1263 967 1344 Strauere,
1014 1272 1073 1325 et
1120 1265 1252 1325 altis
1300 1264 1551 1325 urbibus
1598 1265 1839 1325 ultimae

741 1351 976 1412 Stetere
1026 1372 1266 1435 causae,
1314 1373 1423 1414 cur
1469 1357 1739 1433 perirent

495 1455 562 1502 20
830 1440 1124 1503 Funditus
1176 1446 1663 1523 imprimeretque
1713 1445 1901 1503 muris

649 1530 877 1591 Hostile
925 1541 1188 1593 aratrum
1236 1536 1536 1594 exercitus
1580 1533 1861 1593 insolens,

652 1619 975 1700 Compesce
1021 1631 1311 1683 mentem:
1358 1642 1452 1682 me
1501 1641 1738 1701 quoque
1784 1625 2046 1700 pectoris
2124 1641 2128 1644 ’

741 1709 1082 1789 Temptauit
1125 1714 1186 1771 in
1234 1712 1394 1772 dulci
1439 1714 1686 1772 iuuenta

493 1812 561 1859 24
678 1826 684 1831 ·
831 1798 1061 1860 Feruor
1108 1808 1167 1860 et
1212 1804 1272 1861 iu
1321 1800 1548 1861 celeres
1594 1801 1821 1862 iambos

652 1889 810 1948 Misit
856 1890 1181 1972 furentem3
1229 1910 1389 1950 nunc
1438 1909 1546 1969 ego
1595 1886 1838 1951 mitibus

652 1978 881 2038 Mutare
931 1997 1151 2057 quaero
1200 1983 1420 2059 tristia,
1470 1980 1611 2040 dum
1659 1980 1803 2040 mihi

741 2065 874 2126 Fias
918 2071 1237 2129 recantatis
1285 2073 1468 2129 amica
1506 2098 1514 2108 ·

493 2168 560 2216 28
830 2154 1180 2236 Obprobriis
1228 2161 1608 2236 animumque
1648 2158 1877 2218 reddas,

1398 2495 1556 2558 XVII

653 2622 834 2683 Velox
881 2643 1197 2684 amoenum
1245 2642 1418 2703 saepe
1467 2624 1829 2686 Lucretilem

654 2713 842 2774 Mutat
889 2712 1115 2792 Lycaeo
1163 2712 1402 2786 Faunus
1451 2723 1511 2774 et
1555 2717 1791 2794 igneam

741 2802 1018 2862 Defendit
1066 2811 1350 2863 aestatem
1399 2804 1639 2883 capellis

531 2904 564 2950 4
832 2890 1027 2971 Vsque
1078 2894 1224 2952 meis
1270 2893 1628 2972 pluuiosque
1677 2901 1907 2953 uentos,

655 2981 900 3060 Impune
949 2988 1148 3043 tutum
1191 3000 1301 3059 per
1347 3000 1558 3042 nemus
1606 2981 1851 3042 arbutos

655 3069 964 3140 Quaerunt
1010 3070 1247 3130 latentis
1295 3077 1355 3130 et
1400 3071 1598 3150 thyma
1645 3070 1853 3131 deuiae

744 3158 972 3219 Olentis
1019 3177 1238 3219 uxores
1284 3162 1506 3240 mariti,

533 3261 564 3309 8
834 3248 955 3308 Nec
1003 3250 1214 3309 uiridis
1260 3258 1536 3310 metuunt
1584 3249 1858 3309 colubras

535 3403 544 3411 ‚
652 3337 773 3396 Nec
819 3337 1101 3398 Martialis
1147 3338 1444 3398 Haediliae
1493 3337 1693 3420 lupos,

653 3425 982 3504 Vtcumque
1032 3427 1215 3508 dulci,
1264 3427 1548 3509 Tyndari,
1595 3428 1790 3489 fistula

742 3513 935 3575 Valles
983 3526 1042 3576 et
1088 3515 1319 3577 Vsticae
1369 3517 1641 3578 cubantis

497 3617 560 3663 12
832 3602 1013 3664 Leuia
1057 3625 1424 3685 personuere
1473 3626 1626 3667 saxa.

655 3693 724 3752 Di
771 3711 864 3752 me
913 3701 1187 3770 tuentur,
1237 3695 1328 3755 dis
1373 3698 1561 3775 pietas
1609 3715 1740 3756 mea

653 3782 730 3843 Et
774 3801 943 3842 musa
992 3783 1157 3843 cordi
1207 3794 1313 3845 est.
1362 3784 1500 3845 hinc
1547 3785 1658 3844 tibi
1704 3788 1872 3864 copia

332 3903 571 3912 .———-—-·ae——o

565 3990 2404 4083 maora<BO>D'<122>RF<90212>2'<22)6'<demnatum

477 4131 571 4168 uu.
604 4120 812 4169 15—28
853 4118 1034 4171 omisit
1058 4117 1113 4170 B
1261 4123 1325 4171 17
1374 4119 1549 4172 altera
1584 4135 1783 4172 manus
1818 4120 2018 4188 incipit
2054 4120 2117 4171 in
2152 4118 2206 4170 A
2245 4118 2313 4184 cf.
2352 4134 2396 4172 c.
2435 4119 2486 4171 II
2525 4125 2556 4172 2

330 4187 590 4256 thyesten
613 4186 712 4240 Ru
773 4188 1019 4243 thiesten
1041 4184 1447 4257 A‘yoD'FizL
1511 4189 1762 4244 chiesten
1786 4192 1821 4243 ὃ
1882 4191 2161 4259 thyestem
2185 4206 2224 4242 u
2288 4188 2629 4245 thiestemlv

476 4258 502 4310 I
543 4265 626 4313 17.
702 4264 733 4311 9
772 4259 1051 4314 haediliae
1087 4260 1244 4329 BRtp
1338 4261 1580 4315 hediliae
1618 4258 1744 4328 ψλύ
1835 4261 2042 4315 hedilie
2079 4278 2119 4313 u
2203 4260 2445 4315 aediliae
2486 4262 2630 4332 Pph.

333 4327 542 4399 Porph.
620 4328 821 4383 ediliae
861 4326 956 4384 δ’σι
1035 4330 1283 4386 haedilia
1319 4332 1452 4386 Act
1532 4330 1794 4404 hediliall
1821 4352 1853 4400 γ
1927 4331 2186 4400 haediliae
2215 4350 2250 4385 a
2322 4332 2536 4387 hedilia
2570 4334 2630 4387 D

330 4401 533 4525 &epta
559 4401 840 4525 hegorum’
874 4398 1042 4469 Aerl)
1118 4403 1288 4458 edilia
1315 4404 1367 4456 L
1399 4404 1492 4470 Pf.
1526 4404 1683 4469 Porf.
1755 4402 2021 4456 hoedulei
2050 4404 2300 4457 Aut-atus
2446 4411 2510 4458 14
2539 4405 2632 4460 hic

393 4467 407 4486 '
448 4473 547 4528 Ac.
663 4472 755 4526 inc
793 4478 906 4527 cett.
946 4469 1093 4528 Aer!
