3225 5000
1239 332 1372 378 LIB.
1421 333 1460 379 1.
1513 329 1719 377 12-215
2389 330 2400 340 ·
2548 316 2629 379 13

653 475 746 536 Et·
774 478 963 538 malus
1021 478 1202 538 celeri
1250 480 1486 539 saucius
1532 479 1731 538 Africo

655 565 1100 645 Antemnaeque
1147 577 1409 649 gemant,
1456 586 1522 626 ac
1570 569 1699 627 sine
1746 568 1993 630 funibus,

747 654 849 714 Vix
898 657 1113 717 durare
1163 659 1396 717 carinae

533 757 564 805 8
700 820 709 826 η
833 744 1073 806 Possint
1117 747 1498 824 imperiosius

654 831 935 911 Aequor?
983 854 1101 895 non
1147 834 1256 894 tibi
1303 844 1444 896 sunt
1489 838 1721 914 integra
1767 828 1976 914 lintea,

654 920 787 983 Non
834 923 919 1005 di,
967 942 1117 1002 quos
1164 926 1383 984 iterum
1429 942 1638 1003 pressa
1686 942 1868 985 uoces
1914 924 2086 985 malo.

747 1011 1032 1082 Quamuis
1077 1013 1324 1072 Pontica
1369 1015 1548 1094 pinus
1558 1062 1576 1094 ‚

499 1113 561 1160 12
835 1101 1032 1162 Siluae
1079 1102 1195 1161 filia
1243 1101 1489 1182 nohiliS,

656 1187 846 1250 lactes
895 1199 954 1251 et
999 1209 1188 1269 genus
1235 1198 1297 1250 et
1342 1209 1560 1250 nomen
1607 1192 1846 1252 inutile:
1924 1215 1929 1221 ·

654 1277 750 1338 Nil
794 1281 973 1358 pictis
1020 1280 1264 1340 timidus
1312 1282 1510 1340 nauita
1557 1280 1877 1360 puppibus

744 1367 916 1428 Fidit.
963 1378 1029 1429 tu
1076 1371 1194 1429 nisi
1240 1371 1437 1430 uentis

500 1469 563 1516 16
833 1457 1026 1518 Debes
1072 1457 1423 1538 ludibrium,
1471 1477 1634 1519 caue.

656 1545 862 1628 Nuper
908 1547 1226 1608 sollicitum
1273 1565 1424 1626 quae
1470 1547 1616 1607 mihi
1665 1548 1951 1630 taedium,

600 1684 609 1689 „
655 1634 828 1695 Nunc
875 1635 1236 1696 desiderium
1283 1655 1545 1715 curaque
1593 1655 1714 1697 non
1760 1637 1939 1719 leuis,

744 1724 1039 1785 Interfusa
1086 1728 1332 1787 nitentis

500 1824 567 1872 20
836 1812 999 1874 Vites
1046 1832 1303 1892 aequora
1351 1813 1646 1893 Cycladas,

1431 2169 1532 2228 XV

654 2295 864 2356 Pastor
912 2313 1064 2355 cumv
1096 2294 1361 2354 traheret
1406 2313 1516 2373 per
1563 2295 1716 2354 freta
1764 2292 2017 2369 nauibus

655 2384 844 2444 Idaeis
890 2383 1156 2444 Helenen
1202 2383 1466 2462 perfidus
1512 2382 1834 2464 hospitam,

655 2472 892 2553 Ingrato
939 2472 1163 2534 celeris
1198 2471 1399 2533 obruit
1445 2474 1566 2533 otio

533 2574 566 2620 4
745 2561 993 2643 VentoS,
1039 2571 1107 2623 ut
1153 2570 1394 2623 caneret
1440 2563 1564 2622 fera

654 2651 884 2711 Nereus
931 2653 1065 2712 fata.
1122 2647 1294 2711 ‘mala
1343 2651 1512 2711 ducis
1559 2653 1658 2712 aui
1705 2650 1973 2733 domum,

657 2740 846 2810 Quam
894 2740 1078 2800 multo
1127 2748 1358 2820 repetet
1404 2740 1649 2804 Graecia
1698 2739 1910 2822 milite,
1941 2750 1954 2763 ·

657 2827 975 2890 coniurata
1024 2837 1155 2889 tuas
1201 2847 1482 2909 rumpere
1531 2832 1768 2908 nuptias
1831 2846 1838 2852 ’

531 2929 562 2977 8
742 2918 817 2979 Et
863 2936 1115 2997 regnum
1161 2917 1382 2977 Priami
1429 2927 1624 2980 uetus.

654 3006 788 3067 Heu
832 3007 978 3087 heu,
1026 3015 1283 3085 quantus
1331 3010 1530 3088 equiS‚
1578 3015 1834 3085 quantus
1882 3007 2049 3067 adest
2095 3009 2243 3068 uiris

657 3094 875 3156 Sudor!
925 3103 1142 3174 quanta
1188 3103 1398 3155 moues
1444 3096 1658 3155 funera
1703 3093 2007 3155 Dardanae

656 3183 857 3245 Genti!
903 3187 1018 3245 iam
1065 3184 1288 3263 galeam
1335 3182 1524 3244 Pallas
1571 3193 1632 3244 et
1679 3184 1881 3262 aegida
1927 3208 1929 3211 ’

499 3284 563 3329 12
747 3273 1093 3353 Currusque
1141 3281 1200 3333 et
1245 3273 1472 3335 rabiem
1517 3283 1702 3352 parat.

654 3361 1063 3441 Nequioquam
1107 3361 1354 3423 Veneris
1399 3362 1696 3443 praesidio
1745 3362 1913 3422 ferox

653 3450 866 3511 Pectes
914 3453 1236 3529 caesariem
1282 3460 1565 3531 grataque
1612 3452 1848 3512 feminis

652 3538 863 3599 Inbelli
908 3539 1133 3600 cithara
1181 3543 1442 3601 carmina
1489 3541 1747 3622 diuides3

501 3640 565 3688 16
743 3628 1152 3707 Nequioquam
1199 3628 1452 3689 thalamo
1500 3632 1702 3709 grauis

330 3768 569 3775 -—-——-—.-
602 3770 651 3774 —..
658 3769 758 3775 ..ἢ-ῳ-

570 3820 2393 3947 Α’(Αᾲ)γΒ’(Βο)ι>’(Βὴιεηφψῃω)δ’(δεμχπωαχαυ)
2465 3930 2480 3937 ,

477 3979 502 4032 I
543 3985 624 4034 14.
699 3986 731 4033 5
781 3980 1000 4034 saucius
1037 3978 1253 4048 Africo]
1301 3980 1475 4033 africo
1522 3979 1743 4034 saucius
1788 3985 1817 4034 λ
1900 3983 2060 4036 actus
2106 3981 2279 4036 africo
2326 3980 2535 4050 (affrico
2574 3983 2630 4050 δ’)

330 4045 500 4118 yFla
506 4046 562 4104 π’
627 4050 810 4106 sacius
847 4051 1021 4105 africo
1052 4051 1099 4105 Ο
1160 4049 1380 4105 saucius
1405 4051 1475 4104 ab
1507 4050 1682 4105 africo
1710 4068 1741 4105 v
1868 4057 1901 4106 8
1925 4069 2002 4122 sq.
2033 4052 2259 4107 Possint
2283 4052 2426 4120 imp:
2457 4069 2589 4122 aeq:
2621 4053 2627 4124 Ι

331 4121 460 4176 Non
497 4122 604 4176 tibi
643 4141 694 4175 s:
731 4122 774 4176 i:
815 4123 862 4177 l:
909 4118 1113 4191 de'n'
1205 4122 1447 4176 Possunt
1485 4117 1580 4176 Ου’
1626 4121 1720 4189 Pf.
1759 4139 1898 4177 corr.
1937 4124 2168 4178 Seruius
2258 4122 2481 4178 Possint
2517 4129 2633 4178 cett.

475 4199 543 4246 20
581 4193 837 4262 cyclades
874 4190 1122 4263 sz'a'L
1198 4192 1439 4248 ciclades
1473 4210 1505 4247 v
1596 4227 1603 4234 ·
2621 4211 2629 4219 ·

477 4264 502 4317 I
561 4270 643 4318 15.
746 4271 777 4317 2
835 4265 1094 4320 helenam
1156 4282 1234 4335 τις]
1344 4264 1564 4320 elenam
1609 4284 1644 4318 v
1745 4264 1943 4320 helene
2002 4265 2048 4319 Ο
2144 4282 2317 4320 ...en
2372 4271 2486 4322 cett.

335 4342 367 4388 5
430 4334 697 4389 Proteum
737 4352 848 4404 pro
893 4336 1071 4392 Nereo
1126 4338 1312 4406 leywnt
1360 4337 1717 4408 Porphyrion
1770 4342 1819 4389 et
1870 4339 2029 4391 schol.
2086 4337 2260 4391 Statii
2312 4354 2435 4406 opp.
2490 4355 2631 4395 omn.

330 4406 494 4531 27:91.
522 4410 574 4460 Γ
619 4407 949 4532 Ρὲἷεῖιίαπαε
1006 4408 1323 4462 Victorinus
1486 4415 1516 4461 9
1566 4409 1690 4462 Heu
1727 4408 1837 4461 heu
1877 4404 2159 4462 A'B'D'R
2247 4408 2405 4462 Eheu
2441 4406 2632 4480 sz'd'

450 4503 461 4512 ·
488 4478 586 4531 Ae.
726 4494 753 4531 e
800 4496 868 4531 eu
904 4498 947 4531 π
