3225 5000
659 292 743 362 36
1176 386 1187 389 ἡ
1621 310 1982 361 CARMmVM

979 461 1326 521 Crederem:
1375 461 1478 520 sed
1528 470 1591 521 tu
1642 460 1816 521 simul
1862 461 2133 540 obligasti

979 550 1280 610 Perfidum
1326 552 1483 610 uotis
1531 558 1741 630 caput,
1788 552 2068 610 enitescis

981 638 1294 699 Pulchrior
1342 638 1526 698 multo
1575 640 1982 718 iuuenumque
2028 639 2232 718 prodis

855 740 887 787 8
1068 727 1311 788 Publica
1360 746 1519 788 cura.
1991 801 2006 817 -
2179 748 2188 757 “

978 816 1232 895 Expedit
1280 819 1485 876 matris
1533 819 1768 877 cineres
1814 827 2054 897 opertos
2166 889 2179 900 ‚

978 906 1205 965 Fallere
1256 914 1315 965 et
1361 913 1488 965 toto
1536 908 1831 966 taciturna
1878 910 2070 968 noctis

980 995 1159 1073 Signa
1206 1010 1343 1054 cum
1389 994 1550 1055 caelo
1598 994 1907 1074 gelidaque
1956 996 2127 1057 diuos

825 1097 888 1144 12
1071 1082 1259 1143 Morte
1310 1086 1582 1143 carentis

979 1172 1157 1232 Ridet
1201 1172 1343 1252 hoc,
1390 1175 1658 1251 inquam,
1704 1172 1902 1233 Venus
1948 1176 2103 1253 ipsa,
2149 1175 2348 1235 rident

982 1261 1293 1340 Simplices
1340 1261 1667 1341 Nymphae,
1714 1263 1879 1322 ferus
1926 1271 1986 1323 et
2034 1263 2261 1342 Cupido

981 1350 1230 1429 Semper
1277 1350 1538 1410 ardentis
1587 1368 1808 1410 acuens
1854 1354 2098 1430 sagittas

825 1454 888 1500 16
1071 1439 1214 1499 Cote
1263 1447 1526 1499 cruenta.

978 1528 1138 1588 Adde
1189 1528 1348 1606 quod
1395 1527 1584 1607 pubes
1633 1527 1741 1588 tibi
1787 1532 2006 1589 crescit
2052 1532 2272 1610 omniS,

979 1617 1253 1678 Seruitus
1301 1619 1517 1677 crescit
1564 1635 1745 1697 noua,
1792 1636 1902 1678 nec
1949 1621 2182 1698 priores

976 1706 1194 1784 Impiae
1243 1714 1467 1766 tectum
1513 1705 1783 1767 dominae
1832 1707 2137 1786 relinqunt

824 1807 891 1855 20
1075 1794 1262 1874 Saepe
1309 1797 1532 1855 minati.
1674 1854 1684 1862 ,

978 1883 1061 1943 Te
1111 1886 1234 1944 suis
1283 1893 1501 1944 matres
1549 1891 1827 1944 metuunt
1871 1886 2144 1947 iuuencis
2155 1934 2174 1966 ‚

978 1973 1062 2032 Te
1111 1991 1284 2034 senes
1331 1975 1495 2052 parci
1539 1976 1912 2052 miseraeque
1962 1993 2156 2054 nuper

976 2061 1246 2139 Virgines
1294 2070 1545 2143 nuptae,
1593 2071 1693 2123 tua
1742 2081 1816 2123 ne
1866 2064 2129 2143 retardet

822 2162 889 2209 24
1070 2153 1225 2211 Aura
1274 2153 1533 2212 maritos,

1722 2403 1881 2462 VIIII

975 2509 1107 2569 Non
1156 2528 1391 2588 semper
1438 2510 1661 2570 imbres
1709 2509 1969 2572 nubibus
2015 2510 2282 2590 hispidos

976 2598 1214 2658 Manant
1259 2601 1321 2658 in
1368 2617 1541 2676 agros
1589 2608 1691 2660 aut
1737 2617 1898 2658 mare
1949 2599 2227 2678 Caspium

1066 2686 1292 2747 Vexant
1336 2688 1677 2765 inaequales
1724 2686 2017 2767 procellae

856 2787 890 2834 4
1160 2774 1385 2855 Vsque,
1433 2795 1543 2835 nec
1591 2777 1886 2838 Armeniis
1933 2779 1994 2837 in
2042 2779 2194 2855 oriS,

975 2863 1175 2923 Amice
1223 2863 1414 2945 Valgi,
1464 2873 1578 2925 stat
1624 2865 1840 2945 glacies
1886 2869 2048 2926 iners

976 2952 1210 3012 Menses
1256 2972 1366 3032 per
1412 2956 1605 3014 omnis
1653 2964 1754 3015 aut
1800 2954 2192 3033 Aquilonibus

1071 3040 1415 3120 Querqueta
1462 3042 1716 3122 Gargani
1762 3043 2031 3103 laborant

857 3143 889 3191 8
1159 3130 1235 3190 Et
1282 3132 1436 3192 soliis
1483 3132 1808 3193 uiduantur
1856 3135 2013 3193 orni:

976 3220 1066 3279 Tu
1115 3238 1575 3301 semper.urges
1624 3220 1919 3281 flebilibus
1969 3221 2156 3281 modis

978 3308 1204 3386 Mysten
1255 3309 1623 3391 ademptum,
1670 3327 1780 3370 nec
1826 3309 1935 3370 tibi
1983 3309 2241 3389 Vespero

1067 3396 1359 3475 Surgente
1408 3399 1707 3481 decedunt
1752 3417 1982 3459 amores

823 3497 886 3546 12
1155 3484 1278 3545 Nec
1325 3488 1597 3567 rapidum
1645 3489 1908 3566 fugiente
1957 3488 2158 3548 solem.

979 3576 1050 3633 At
1096 3592 1215 3634 non
1264 3584 1355 3635 ter
1405 3595 1552 3636 aeuo
1602 3578 1862 3636 functus·
1892 3576 2198 3636 amabilem

979 3663 1243 3724 Plorauit
1289 3667 1481 3725 omnis
1527 3664 1905 3725 Antilochum
1954 3683 2137 3725 senex

1067 3752 1293 3833 AnnoS,
1341 3773 1452 3814 nec
1500 3753 1784 3834 inpubem
1831 3762 2111 3832 parentes

823 3854 886 3910 16
1156 3842 1396 3902 Troilon
1446 3852 1547 3903 aut
1591 3842 1879 3922 Phrygiae
1930 3861 2168 3903 sorores

975 3928 1225 3990 Fleuere
1275 3950 1526 4010 semper.
1575 3932 1780 3991 desine
1827 3932 2093 3993 mollium
2212 3928 2218 3933 ’

976 4018 1237 4079 Tandem
1284 4020 1711 4099 querellarum,
1760 4028 1820 4079 et
1863 4024 2064 4099 potius
2112 4039 2266 4082 noua

896 4204 2155 4298 Α’(Αα)γΒ’(Β0)1)’(1)τ)ΒΕ(φψ)λ’(λι)δ’
2159 4210 2707 4299 (dsz'(wL)u'(uv)

796 4313 849 4367 II
879 4321 928 4367 9.
998 4319 1063 4367 10
1102 4315 1321 4381 Mysten
1359 4310 1604 4368 aD'an
1677 4315 1919 4384 Mystem
1945 4315 2226 4370 Rem-as.)-
2299 4317 2504 4371 Misten
2530 4314 2635 4385 713'
2640 4313 2809 4371 la'Lu

659 4392 721 4439 11
785 4385 992 4439 cedunt
1046 4381 1293 4437 D'anu
1407 4387 1676 4439 recedunt
1729 4386 1844 4439 Lde
1942 4387 2208 4441 decidunt
2261 4407 2293 4455 γ
2476 4406 2530 4443 u.
2580 4395 2646 4442 17
2702 4391 2848 4444 redit
2896 4413 2962 4462 νς

655 4473 795 4510 omn.
828 4479 895 4500 =
924 4450 2578 4529 A'(Aa>va'(B0)D'(Dv)RF(‹p1p)z'(2-l)d'(dz)n'(nL)u'(uv)
