3225 5000
536 229 623 294 20
1499 239 1865 287 CARMINVM
1968 201 1979 211 ’

856 390 1058 450 Multis
1105 389 1202 448 ille
1248 387 1420 448 bonis
1466 386 1681 447 flebilis
1727 385 1978 467 occidit,

859 478 1021 539 Nulli
1064 476 1345 557 flebilior,
1391 495 1567 556 quam
1613 475 1750 555 tibi,
1796 474 2030 553 Vergili.

859 567 951 627 Tu
999 569 1222 627 frustra
1265 568 1400 645 pius
1446 566 1562 625 heu
1611 584 1732 625 non
1778 567 1860 624 ita
1906 563 2201 623 creditum

704 670 769 717 12
951 656 1156 716 Poscis
1205 654 1557 726 Quintilium
1604 654 1764 714 deoS.

861 745 1014 816 Quid
1064 747 1115 805 si
1159 736 1435 804 Threicio
1483 743 1757 804 blandius
1804 741 2041 820 Orpheo

860 833 1133 894 Auditam
1180 833 1489 893 moderere
1533 831 1847 892 arboribus
1892 830 2088 912 fidem,

860 923 1015 983 Num
1062 941 1248 982 uanae
1297 921 1501 982 redeat
1544 923 1784 1000 sanguis
1830 921 2088 1001 imagini,

705 1027 770 1074 16
952 1012 1141 1082 Quam
1187 1013 1356 1089 uirga
1404 1010 1585 1071 semel
1632 1009 1873 1069 horrida

860 1102 992 1161 Non
1040 1101 1190 1160 lenis
1236 1099 1516 1178 precibus
1564 1100 1680 1158 fata
1730 1098 2038 1159 recludere

861 1191 1044 1269 Nigro
1093 1189 1447 1268 compulerit
1492 1188 1828 1248 Mercurius
1871 1183 2089 1265 gregi?

863 1279 1120 1339 Durum:
1169 1278 1273 1338 sed
1320 1276 1513 1338 leuius
1559 1278 1627 1337 fit
1670 1278 1953 1355 patientia

706 1383 773 1430 20
959 1368 1253 1447 Quicquid
1303 1369 1603 1445 corrigere
1654 1374 1747 1425 est
1794 1366 1975 1425 nefas.

1476 1614 1901 1623 ι-υ-ῳν--ω--ι

1611 1866 1782 1955 XXV·

867 1996 1112 2057 Parcius
1157 1997 1390 2056 iunctas
1438 1996 1714 2074 quatiunt
1760 1995 2053 2054 fenestras

870 2085 1127 2145 lactibus
1174 2084 1401 2145 crebris
1448 2087 1699 2145 iuuenes
1746 2084 2016 2162 proterui

868 2174 991 2234 Nec
1037 2174 1146 2236 tibi
1194 2193 1431 2235 somnos
1479 2172 1774 2253 adimunt,
1822 2181 2093 2250 amatque
2147 2234 2150 2239 ,

747 2277 781 2322 4
959 2263 1139 2324 Ianua
1182 2263 1395 2344 limen,

871 2353 1033 2423 Quae
1080 2354 1247 2431 prius
1295 2352 1548 2413 multum
1595 2351 1784 2412 facilis
1831 2349 2109 2411 mouebat

871 2441 1171 2503 cardines,
1229 2441 1397 2503 audis
1444 2444 1643 2503 minus
1690 2450 1749 2501 et
1796 2442 1992 2500 minus
2039 2441 2183 2500 iam:
2270 2488 2280 2501 .

872 2528 985 2591 ‘Me
1036 2541 1137 2593 tuo
1185 2531 1389 2609 longas
1437 2539 1726 2609 pereunte
1776 2539 1981 2590 noctes
1992 2576 2010 2610 ,

748 2633 780 2680 8
961 2619 1166 2700 Lydia,
1215 2615 1504 2679 dormis?

871 2710 1134 2769 Inuicem
1182 2709 1460 2768 moechos
1507 2726 1655 2768 anus
1702 2710 2029 2786 arrogantis

872 2796 1070 2858 Flebis
1116 2800 1178 2857 in
1227 2797 1352 2857 solo
1399 2797 1551 2857 leuis
1597 2799 1939 2879 angiportu,

873 2886 1126 2952 Thracio
1174 2886 1500 2947 bacchante
1546 2881 1733 2965 magis
1780 2885 1892 2948 sub
1939 2888 2120 2947 inter·

716 2989 782 3035 12
961 2975 1121 3036 lunia
1168 2984 1377 3057 uento,

876 3064 1024 3124 Cum
1071 3064 1179 3125 tibi
1226 3064 1481 3143 flagrans
1527 3083 1693 3125 amor
1741 3074 1801 3126 et
1846 3064 2055 3146 libido,

876 3153 1040 3224 Quae
1088 3154 1240 3214 solet
1284 3163 1505 3215 matres
1553 3154 1774 3214 furiare
1824 3171 2142 3233 equorum,

879 3242 1119 3302 Saeuiet
1166 3245 1323 3302 circa
1369 3244 1536 3303 iecur
1582 3243 1951 3321 ulcerosum,

720 3345 785 3393 16
965 3330 1095 3391 Non
1144 3334 1270 3391 sine
1324 3340 1567 3412 questu,

875 3420 1052 3480 Laeta
1100 3421 1258 3499 quod
1305 3420 1493 3499 pubes
1538 3418 1759 3479 hedera
1800 3419 2022 3477 uirenti

878 3508 1140 3569 Gaudeat
1185 3509 1345 3589 pulla
1393 3511 1577 3586 magis
1625 3510 1800 3586 atque
1849 3512 2068 3587 myrto,

876 3599 1083 3658 Aridas
1128 3598 1370 3658 frondes
1416 3598 1630 3657 hiemis
1678 3593 1860 3655 sodali

719 3700 786 3748 20
969 3687 1213 3748 Dedicet
1256 3683 1451 3747 Euro.

797 3966 960 4055 A'(A
968 3907 2614 4079 a)yB'(Bc>1>'<1>v)RFQW)a‘(2z)a(32)w'<wz)u‘(uv5

701 4127 725 4180 Ι
762 4132 849 4181 25.
924 4131 955 4177 2
1004 4122 1213 4178 Ictibus
1249 4124 1369 4195 zLy
1403 4125 1504 4180 Ac.
1542 4142 1665 4179 uar.
1748 4125 2037 4195 Ialsctibus
2074 4126 2110 4178 ὃ
2189 4123 2432 4179 Iactibus
2469 4130 2583 4180 cett.
2625 4118 2847 4195 Por-ph?

559 4199 659 4255 Ac.
804 4202 836 4250 ὃ
866 4195 1060 4248 faciles
1089 4191 1426 4309 Ρὸπῖῃξέἱο
1442 4192 1663 4264 ΡονΡῙι.’
1731 4196 1912 4251 facilis
1940 4201 2055 4251 cett.
2201 4213 2295 4252 uu.
2316 4202 2346 4250 7
2366 4213 2441 4265 sq.
2471 4199 2621 4251 omis.
2650 4197 2706 4251 R

562 4329 627 4375 13
665 4319 866 4389 libido]
902 4318 1103 4388 cupido
1133 4338 1174 4375 u
1246 4320 1449 4391 cupido
1487 4321 1541 4373 B
1691 4327 1752 4375 17
1784 4321 1998 4375 uirente
2028 4315 2235 4374 Fd'nu'
2310 4321 2516 4376 uirenti
2542 4327 2655 4377 cett.
2690 4314 2851 4390 Pph!

573 4392 845 4446 Victorini
882 4392 1086 4445 codices
1221 4397 1288 4445 20
1327 4394 1478 4447 Euro
1515 4393 1730 4447 Aldina
1771 4398 1903 4446 1501
1979 4392 2155 4447 hebro
2193 4408 2332 4447 omn.
2375 4388 2594 4461 Porph!
2630 4389 2775 4447 Aer!
