3225 5000
1076 287 1209 334 Lm.
1240 288 1320 353 11,
1353 286 1409 354 1,
1438 286 1678 354 268—2‚
1708 286 1774 333 62
2434 269 2561 334 227

436 446 506 493 24
598 433 662 493 Si
708 440 904 493 tamen
953 430 1327 512 adtemptas‘?
1416 435 1690 512 quereris
1749 449 1930 510 super
1986 432 2097 492 hoc
2145 433 2348 512 etiam,
2405 431 2562 510 quod

591 521 912 600 Expectata
960 521 1069 582 tibi
1115 540 1230 581 non
1281 524 1506 582 mittam
1554 523 1813 582 carmina
1860 521 2166 580 mendaxs

592 610 825 670 Luculli
871 610 1042 670 miles
1089 610 1335 671 collecta
1381 612 1596 671 uiatica
1643 609 1845 671 multis

592 700 935 779 AerumniS,
982 698 1172 759 lassus
1220 699 1361 759 dum
1409 708 1588 759 noctu
1638 699 1861 772 stertit,
1911 697 1983 757 ad
2031 715 2223 757 assem

435 800 502 849 28
592 786 969 868 Perdiderat,
1015 796 1152 866 post
1194 786 1310 847 hoc
1355 806 1640 848 ueemens
1687 787 1887 868 lupuS‚
1934 794 1995 846 et
2042 784 2155 846 sibi
2201 794 2262 845 et
2306 783 2462 845 hosti

595 877 787 936 Iratus
831 878 1084 957 pariter,
1131 877 1346 936 ieiunis
1392 875 1673 936 dentibus
1721 893 1883 956 acer,

592 965 960 1025 Praesidium
1010 964 1205 1044 regale
1251 964 1381 1025 loco
1430 965 1673 1046 deiecit,
1720 971 1787 1024 ut
1833 965 2024 1044 aiunt,

598 1054 839 1114 Summe
889 1055 1117 1113 munito
1165 1061 1226 1113 et
1273 1054 1592 1114 multarum
1640 1054 1826 1113 diuite
1874 1070 2093 1113 rerum.

437 1156 505 1204 32
599 1142 805 1202 Clarus
852 1140 928 1201 ob
975 1141 1034 1200 id
1082 1143 1304 1202 factum
1351 1142 1522 1202 donis
1568 1150 1819 1202 ornatur
1862 1140 2159 1220 honestiS,

594 1232 823 1309 Accipit
870 1239 930 1290 et
975 1228 1066 1290 bis
1114 1230 1266 1291 dena
1314 1249 1495 1311 super
1542 1231 1814 1291 sestertia
1862 1246 2187 1289 nummum.

596 1320 772 1379 Forte
820 1319 932 1379 sub
978 1319 1091 1379 hoc
1138 1328 1373 1398 tempus
1421 1319 1728 1380 castellum
1774 1326 2050 1379 euertere
2097 1326 2337 1396 praetor

595 1407 809 1468 Nescio
857 1407 1013 1487 quod
1062 1410 1310 1487 cupiens
1355 1407 1584 1469 hortari
1633 1409 1829 1487 coepit
1874 1406 2128 1467 eundem

437 1510 504 1557 36
584 1495 829 1577 Verbis,
884 1514 1033 1575 quae
1081 1497 1287 1557 timido
1335 1515 1571 1576 quoque
1619 1505 1865 1576 possent
1910 1495 2126 1555 addere
2175 1502 2461 1557 mentem:

598 1582 673 1666 Ἱ,
719 1584 900 1665 bone,
948 1604 1065 1663 quo
1112 1587 1309 1646 uirtus
1356 1594 1457 1646 tua
1505 1595 1562 1646 te
1610 1593 1812 1659 uocat,
1859 1587 1881 1644 i
1925 1583 2074 1664 pede
2123 1585 2346 1663 fausto,

596 1673 852 1734 Grandia
897 1673 1128 1735 laturus
1173 1676 1523 1735 meritorum
1570 1671 1861 1753 praemia!
1907 1705 1997 1714 —-
2042 1671 2183 1751 quid
2232 1668 2420 1733 staSP'

595 1763 739 1822 Post
782 1761 929 1822 haec
975 1762 1072 1823 ille
1120 1772 1312 1843 catuS‚
1360 1765 1748 1842 quantumuis
1793 1763 2086 1841 rusticuS,
2137 1755 2296 1842 ‘ibit,

438 1863 507 1911 40
599 1850 713 1911 Ibit
761 1869 830 1910 eo
879 1868 996 1929 quo
1044 1853 1136 1911 uis
1184 1853 1311 1929 qui
1333 1869 1538 1912 zonam
1586 1845 1869 1930 perdidit'
1917 1851 2126 1929 inquit.

597 1940 817 2000 Romae
863 1941 1084 2000 nutriri
1129 1940 1274 2000 mihi
1321 1942 1570 2019 contigit
1615 1949 1792 2019 atque
1840 1939 2070 2019 doceri,

598 2028 793 2089 Iratus
840 2028 1010 2088 Grais
1057 2037 1342 2107 quantum
1391 2031 1698 2089 nocuisset
1742 2027 2015 2088 Achilles,

597 2118 882 2178 Adiecere
930 2116 1118 2177 bonae
1164 2117 1339 2196 paulo
1387 2118 1520 2196 plus
1568 2119 1713 2177 artis
1760 2115 2056 2196 Athenae,

432 2218 501 2265 44
594 2206 835 2267 Scilicet
882 2214 948 2266 ut
992 2205 1209 2267 uellem
1257 2224 1445 2267 curuo
1492 2206 1804 2266 dinoscere
1852 2212 2083 2265 rectum

598 2298 790 2374 Atque
837 2297 996 2355 inter
1042 2295 1222 2354 siluas
1269 2294 1548 2355 Academi
1593 2311 1885 2373 quaerere
1931 2310 2162 2353 uerum.

599 2384 759 2445 Dura
806 2384 909 2443 sed
957 2401 1237 2444 emouere
1285 2384 1415 2444 loco
1462 2402 1555 2443 me
1603 2391 1870 2462 tempora
1917 2390 2112 2462 grato,

601 2472 924 2553 Ciuilisque
971 2472 1181 2533 rudem
1229 2472 1366 2533 belli
1410 2472 1547 2534 tulit
1593 2479 1793 2533 aestus
1839 2473 1901 2542 in
1947 2488 2136 2551 arma,

441 2574 509 2622 48
601 2561 869 2622 Caesaris
914 2561 1165 2641 Augusti
1212 2580 1329 2622 non
1377 2580 1740 2642 responsura
1784 2562 2039 2621 lacertis,

600 2650 764 2711 Vnde
812 2650 988 2710 simul
1034 2653 1292 2729 primum
1339 2669 1435 2712 me
1481 2651 1760 2711 dimisere
1806 2649 2095 2730 Philippi,

599 2740 826 2800 Decisis
871 2738 1157 2800 humilem
1201 2742 1401 2819 pinnis
1450 2741 1810 2820 inopemque
1857 2740 2089 2819 paterni

599 2828 675 2889 Et
721 2828 861 2889 laris
909 2837 970 2889 et
1015 2829 1184 2889 fundi
1230 2837 1549 2908 paupertas
1595 2827 1831 2907 impulit
1879 2826 2068 2888 audax

444 2928 509 2975 52
600 2916 674 2978 Vt
719 2936 934 2979 uersus
981 2918 1267 2978 facerem:
1313 2918 1418 2978 sed
1467 2916 1626 2996 quod
1674 2934 1793 2977 non
1840 2915 1994 2976 desit
2038 2914 2352 2974 habentem

603 3005 765 3077 Quae
813 3013 1097 3086 poterunt
1143 3024 1422 3085 umquam
1470 3007 1613 3066 satis
1662 3022 1992 3083 expurgare
2042 3005 2298 3083 cicutae,

602 3095 675 3155 Ni
722 3094 933 3155 melius
980 3094 1240 3155 dormire
1286 3102 1491 3173 putem
1539 3112 1717 3173 quam
1763 3091 2026 3153 scribere
2073 3087 2334 3152 uersus?

605 3183 844 3262 Singula
893 3184 964 3244 de
1013 3183 1185 3244 nobis
1230 3185 1368 3243 anni
1412 3182 1777 3262 praedantur
1823 3188 2062 3241 euntes:

445 3284 514 3332 56
603 3271 895 3351 Eripuere
934 3274 1123 3354 iocoS,
1170 3290 1483 3353 uenerem,
1530 3272 1835 3350 conuiuia,
1882 3268 2115 3349 ludum3

603 3359 880 3420 Tendunt
925 3369 1281 3439 extorquere
1327 3369 1628 3439 poemata:
1675 3358 1816 3439 quid
1863 3360 2072 3419 faciam
2119 3354 2259 3418 uis?

601 3449 870 3527 Denique
919 3467 1037 3509 non
1084 3467 1290 3509 omnes
1339 3449 1544 3509 eadem
1591 3450 1885 3509 mirantur
1931 3455 2277 3525 amantque:

605 3537 877 3604 Carmine
924 3546 990 3597 tu
1037 3536 1259 3616 gaudes
1270 3585 1289 3618 ,
1334 3536 1433 3598 hic
1480 3538 1810 3598 delectatur
1855 3535 2094 3617 iambiS‚

446 3638 514 3685 60
603 3625 705 3685 Ille
753 3624 991 3686 Bioneis
1038 3625 1416 3687 sermonibus
1464 3635 1524 3687 et
1570 3627 1690 3686 sale
1738 3627 1928 3705 nigro.

604 3713 753 3773 Tres
799 3714 944 3774 mihi
991 3717 1279 3775 conuiuae
1327 3734 1512 3795 prope
1562 3716 1882 3775 dissentire
1928 3713 2239 3794 uidentur,

603 3802 926 3863 Poscentes
974 3806 1139 3864 uario
1187 3804 1439 3865 multum
1486 3802 1729 3864 diuersa
1773 3802 1985 3882 palato.

908 4008 1961 4100 aEyRffwpfl'ffl)6‘(‹52)sw'(wL)v

431 4156 499 4206 28
538 4166 800 4205 ueemens
837 4152 874 4205 ὃ
901 4153 972 4221 (et
998 4151 1059 4218 d)
1100 4151 1241 4219 Pph.
1262 4168 1355 4219 pr.
1428 4150 1733 4206 uehemens
1770 4155 1883 4205 cett.
2028 4167 2123 4204 uu.
2164 4155 2374 4203 32—52
2412 4150 2583 4205 initia

208 4238 460 4312 prope
489 4222 707 4276 »modum
744 4226 1089 4276 evanuerunt
1126 4241 1152 4276 ε
1299 4228 1366 4276 32
1413 4222 1666 4306 ornatus]
1717 4223 1941 4277 ornatus
1979 4221 2074 4274 xL
2092 4237 2230 4276 corr.
2303 4220 2580 4304 honestis]

208 4279 869 4418 ἳνῗωὲἥλεῖἕῖᾴὲ·
813 4363 899 4428 ψ
919 4288 2103 4433 ἒὲἕῖῑέἳῗεέῗὲοριξῗοῗρᾬὴῌὲαὲἶὲξίε
2116 4380 2152 4433 9
2204 4291 2582 4420 ⁴⁹u2¹2¹³3i¹3132¹3

285 4435 469 4489 exitus
505 4440 852 4489 euanuerunt
886 4436 951 4489 in
989 4454 1016 4490 ε
1055 4440 1272 4504 excepto
1308 4453 1363 4489 u.
1402 4441 1470 4489 62

2053 4522 2160 4578 15*
