3225 5000
521 2644 586 2690 12

524 3000 587 3047 16

516 3354 585 3401 20

1249 276 1383 322 LIB.
1431 276 1529 323 111.
1577 275 1790 323 20—24

1439 456 1623 517 XXII'

689 581 980 642 Montium
1027 588 1229 641 custos
1278 600 1710 661 nemorumque
1759 585 1956 664 uirgo,
2018 662 2024 667 ὓ

692 670 854 741 Quae
901 669 1225 731 laborantis
1273 679 1445 731 utero
1494 671 1719 749 puellas

690 758 809 818 Ter
857 768 1066 819 uocata
1111 758 1281 819 audis
1327 760 1655 839 adimisque
1702 761 1849 841 leto,

783 847 933 908 Diua
980 850 1298 929 triformiS,

691 938 1012 998 Imminens
1059 937 1233 997 uillae
1283 945 1382 998 tua
1428 940 1606 1017 pinus
1655 947 1810 1015 estc,

691 1027 878 1098 Quam
926 1045 1033 1106 per
1081 1035 1318 1087 exactos
1367 1045 1475 1104 ego
1522 1026 1711 1088 laetus
1758 1046 1945 1088 annos

690 1114 889 1175 Verris
942 1114 1245 1193 obliquom
1291 1114 1631 1175 meditantis
1677 1118 1862 1176 ictum

780 1203 1076 1283 Sanguine
1126 1204 1357 1264 donem.

1413 1522 1602 1584 XXIII

689 1651 861 1711 Caelo
910 1652 1151 1730 supinas
1200 1653 1250 1709 si
1296 1649 1504 1709 tuleris
1553 1668 1762 1710 manus

684 1740 977 1800 Nascente
1024 1739 1193 1820 luna,
1239 1741 1461 1800 rustica
1507 1738 1780 1818 Phidyle,

776 1828 839 1888 Si
886 1837 1019 1889 ture
1068 1828 1319 1907 placaris
1365 1836 1426 1888 et
1471 1828 1660 1888 horna
1767 1882 1802 1911 ,
1892 1861 1895 1863 Α

862 1917 1055 1996 Fruge
1103 1917 1284 1976 Lares
1332 1917 1624 1996 auidaque
1671 1935 1877 1997 porca,

682 2006 805 2066 Nec
852 2007 1229 2086 pestilentem
1280 2009 1497 2065 sentiet
1543 2006 1808 2066 Africum

683 2092 959 2156 Fecunda
1007 2098 1149 2155 uitis
1197 2113 1307 2154 nec
1355 2095 1620 2154 sterilem
1668 2112 1839 2173 seges

774 2183 1122 2262 Robiginem
1172 2192 1271 2243 aut
1320 2183 1523 2243 dulces
1571 2184 1792 2243 alumni

858 2272 1157 2333 Pomil'ero
1205 2288 1385 2351 graue
1434 2280 1670 2352 tempus
1719 2289 1891 2332 anno,

681 2362 827 2422 Nam
875 2381 1025 2442 quae
1074 2361 1257 2422 niuali
1303 2363 1565 2440 pascitur
1612 2361 1817 2441 Algido

683 2451 910 2513 Deuota
957 2469 1214 2530 quercus
1261 2453 1418 2512 inter
1467 2459 1525 2511 et
1571 2450 1738 2512 ilices

771 2542 887 2602 Aut
935 2543 1151 2601 crescit
1197 2540 1435 2600 Albanis
1480 2543 1543 2600 in
1591 2540 1793 2600 herbis

801 2627 805 2632 ”
858 2628 1134 2709 Victima,
1182 2630 1531 2708 pontificum
1579 2631 1807 2690 securis

681 2719 930 2779 Ceruice
977 2721 1236 2797 tinguet:
1285 2727 1342 2780 te
1391 2718 1536 2778 nibil
1584 2722 1795 2779 attinet

679 2807 994 2887 Temptare
1040 2807 1224 2869 multa
1273 2808 1451 2868 caede
1497 2806 1829 2868 bidentium

767 2897 993 2958 Parnes
1040 2905 1423 2957 coronantem
1472 2898 1699 2956 marino

856 2986 1013 3046 Rore
1061 2986 1205 3046 deos
1251 2984 1560 3063 fragilique
1607 2993 1820 3064 myrto.

679 3075 962 3135 Immunis
1009 3093 1170 3135 aram
1219 3077 1268 3134 si
1320 3076 1516 3152 tetIgit
1560 3092 1799 3152 manuS‚

676 3163 807 3223 Non
855 3171 1199 3243 sumptuosa
1246 3162 1513 3222 blandior
1561 3163 1780 3241 hostia,

765 3251 1015 3313 Molliuit
1061 3269 1305 3314 auersos
1351 3251 1591 3312 Penatis
1623 3242 1640 3249 “

854 3340 1036 3401 Farre
1082 3344 1180 3420 pio
1228 3350 1288 3400 et
1336 3340 1579 3401 saliente
1627 3342 1795 3400 mica.

1394 3659 1611 3721 XXIIII

671 3752 912 3812 IntactiS
961 3751 1298 3830 opulentior

758 3840 1080 3901 Thesauris
1125 3838 1385 3900 Arabum
1432 3849 1492 3899 et
1538 3839 1742 3900 diuitis
1789 3840 1988 3900 Indiae

685 4010 2305 4102 Α’(Αα)γΗ(Βο)τΒΓι(φψ)λ’(ιι)ὅωῂῆςπωωωυ)

491 4136 569 4189 ΠΙ
608 4143 692 4191 22.
766 4154 861 4190 uu.
902 4141 1041 4191 5-8
1079 4137 1261 4191 omisit
1296 4136 1351 4189 B

488 4207 566 4261 ΠΙ
604 4214 687 4262 23.
762 4214 792 4261 2
830 4207 1069 4276 phillida
1104 4203 1156 4262 α’

488 4295 584 4333 uu.
631 4285 858 4334 12—20
903 4280 1082 4334 omisit
1125 4279 1180 4332 B

419 4348 657 4404 securim
698 4346 781 4404 δύ
863 4366 1117 4405 securum
1155 4368 1193 4403 u

346 4419 591 4475 Molliuit
626 4420 683 4475 R
755 4419 1003 4477 Mollibit
1038 4415 1372 4477 A'Fz'd'vzu'
1447 4421 1710 4477 aduersos
1750 4432 1824 4491 ψειν

1906 4437 2131 4477 auersos
2170 4427 2285 4477 cett.
2325 4418 2469 4481 Aer!

2584 263 2667 327 69

1298 4214 1327 4262 7
1365 4205 1702 4276 Robiginem
1731 4206 1885 4262 AOR
1955 4206 2294 4277 Rubiginem
2330 4214 2446 4263 cett.
2485 4204 2634 4268 Λᾶν]

1327 4285 1391 4333 12
1436 4279 1645 4334 securis
1687 4278 1788 4333 Ru
1871 4294 2087 4336 secures
2133 4273 2421 4347 A'ycth'
2474 4280 2640 4350 Porf.

1348 4356 1414 4405 19
1452 4349 1699 4405 Molliuit
1733 4349 1942 4419 2¹0th
1976 4365 2240 4418 super-scr.
2281 4353 2382 4406 Ac.
2420 4347 2571 4409 Aer!
