3225 5000
1108 260 1241 305 Lm.
1271 260 1354 326 11,
1385 258 1444 326 1,
1477 258 1754 313 196—‚267
2401 322 2405 326 Α
2441 243 2573 307 225

404 418 509 467 232
602 404 820 465 Gratus
866 404 1197 464 Alexandro
1244 406 1372 484 regi
1418 423 1629 485 magno
1678 406 1792 465 fuit
1836 404 1935 465 ille

600 492 942 574 Choerilus,
986 492 1228 554 incultis
1273 496 1377 573 qui
1423 493 1702 554 uersibus
1751 502 1810 554 et
1858 493 2005 554 male
2056 495 2208 553 natis

598 582 851 643 Rettulit
897 588 1199 663 acceptoS,
1244 582 1439 661 regale
1487 584 1803 663 nomisma,
1848 581 2160 661 philippos.

603 671 719 732 Sed
766 671 955 732 ueluti
1000 679 1249 732 tractata
1296 678 1499 732 notam
1543 671 1854 750 labemque
1902 673 2215 732 remittunt

404 771 510 819 236
603 759 975 841 Atramenta,
1022 760 1148 820 fere
1195 763 1520 839 scriptores
1566 762 1829 820 carmine
1876 759 2048 820 foedo

603 847 920 927 Splendida
967 849 1119 910 facta
1164 848 1376 910 linunt.
1468 848 1628 909 idem
1672 866 1778 908 rex
1824 847 1954 928 ille,
2000 865 2209 926 poema

602 937 717 1007 Qui
762 944 884 997 tam
930 936 1248 1011 ridiculum
1294 945 1414 998 tam
1461 956 1596 997 care
1643 936 1929 1016 prodigus
1977 939 2147 1018 emit,

600 1025 811 1087 Edicto
859 1029 1078 1101 uetuit,
1127 1029 1339 1105 nequis
1387 1045 1450 1086 se
1497 1034 1737 1106 praeter
1783 1025 2028 1104 Apellen

404 1125 511 1173 240
600 1115 881 1194 Pingeret
928 1123 1030 1175 aut
1077 1115 1224 1175 alius
1270 1114 1526 1195 Lysippo
1575 1114 1824 1175 duceret
1870 1132 2006 1174 aera

602 1203 800 1264 Fortis
846 1202 1163 1264 Alexandri
1209 1203 1440 1264 uoltum
1486 1203 1840 1264 simulantia.
1933 1202 2147 1281 quodsi

602 1291 896 1353 Iudicium
944 1292 1161 1354 subtile
1211 1293 1485 1353 uidendis
1532 1291 1761 1353 artibus
1806 1291 1951 1352 illud

600 1380 688 1441 Ad
735 1380 919 1442 libros
966 1390 1026 1442 et
1072 1381 1142 1441 ad
1191 1381 1336 1441 haec
1382 1381 1685 1442 Musarum
1732 1381 1885 1442 dona
1930 1398 2211 1462 uocareS,

404 1480 513 1528 244
601 1469 892 1530 Boeotum
937 1471 998 1530 in
1047 1488 1248 1531 crasso
1296 1472 1526 1531 iurares
1572 1488 1712 1530 aere
1756 1476 1979 1529 natum.

599 1558 675 1618 At
719 1577 914 1638 neque
961 1558 1321 1620 dedecorant
1365 1566 1467 1620 tua
1513 1558 1585 1619 de
1634 1577 1698 1618 se
1744 1557 1961 1619 iudicia
2010 1566 2187 1637 atque

600 1647 871 1727 Munera,
919 1666 1069 1726 quae
1118 1647 1300 1708 multa
1347 1646 1541 1708 dantis
1588 1665 1727 1723 cum
1771 1645 1943 1707 laude
1992 1647 2258 1707 tulerunt

601 1735 811 1796 Dilecti
859 1735 968 1796 tibi
1014 1735 1308 1815 Vergilius
1354 1735 1685 1815 Variusque
1732 1744 1971 1817 poetae,

402 1835 509 1883 248
600 1823 723 1884 Nec
767 1826 955 1903 magis
1002 1827 1271 1904 expressi
1313 1824 1512 1886 uoltus
1557 1843 1668 1904 per
1713 1842 1898 1884 aenea
1943 1826 2136 1905 signa,

602 1913 791 1983 Quam
837 1931 946 1992 per
994 1916 1147 1974 uatis
1194 1932 1345 1994 opus
1392 1932 1590 1973 mores
1637 1915 1937 1991 animique
1985 1915 2254 1974 uirorum

602 2001 910 2062 Clarorum
956 2010 1258 2082 apparent.
1351 2020 1462 2062 nec
1510 2019 1818 2062 sermones
1867 2020 1975 2080 ego
2022 2001 2255 2062 mallem

596 2090 886 2169 Repentis
931 2110 1040 2170 per
1086 2091 1335 2151 humum
1381 2109 1556 2169 quam
1603 2109 1704 2150 res
1752 2108 2108 2169 componere
2156 2099 2379 2172 gestaS,

406 2190 511 2238 252
602 2178 1044 2258 Terrarumque
1090 2181 1242 2240 situs
1289 2188 1349 2240 et
1395 2179 1639 2239 flumina
1686 2178 1887 2239 dicere
1935 2185 1995 2238 et
2040 2196 2210 2240 arces

600 2267 900 2328 Montibus
946 2270 1252 2347 impositas
1298 2276 1358 2329 et
1402 2267 1654 2328 barbara
1699 2285 1881 2346 regna
1928 2268 2166 2345 tuisque

601 2358 897 2435 Auspiciis
943 2365 1134 2418 totum
1183 2357 1453 2417 confecta
1498 2356 1695 2417 duella
1739 2374 1848 2435 per
1894 2354 2132 2436 orbem,

603 2444 989 2525 Claustraque
1039 2446 1347 2508 custodem
1392 2447 1555 2525 pacis
1602 2444 1940 2531 cohibentia
1985 2444 2191 2505 Ianum

408 2545 514 2593 266
603 2533 681 2595 Et
727 2535 1098 2595 formidatam
1141 2531 1380 2597 Parthis
1426 2543 1487 2596 te
1532 2537 1803 2614 principe
1850 2535 2125 2615 Romam,

604 2623 687 2705 Si,
724 2632 1011 2703 quantum
1051 2643 1352 2706 cuperem,
1387 2642 1627 2703 possem
1664 2642 1930 2704 quoque3
1967 2622 2073 2683 sed
2100 2642 2296 2702 neque
2325 2643 2573 2704 paruom

604 2712 855 2773 Carmen
901 2715 1177 2774 maiestas
1223 2714 1438 2793 recipit
1481 2721 1612 2794 tua,
1660 2731 1772 2773 nec
1818 2731 1988 2774 meus
2035 2713 2213 2774 audet

601 2801 751 2861 Rem
797 2808 1086 2881 temptare
1133 2802 1354 2882 pudor,
1401 2820 1579 2880 quam
1628 2803 1789 2861 uires
1835 2803 1995 2862 ferre
2041 2810 2339 2863 recusent.

409 2901 512 2949 260
606 2889 902 2950 Sedulitas
948 2899 1147 2951 autem
1192 2889 1399 2970 stulte,
1449 2908 1627 2968 quem
1676 2888 1892 2970 diligit,
1938 2899 2140 2970 urget3

603 2977 928 3057 Praecipue
976 2998 1114 3039 cum
1160 2998 1224 3039 se
1271 2980 1537 3039 numeris
1583 2977 1959 3038 commendat
2004 2984 2064 3037 et
2110 2985 2263 3038 arte:

603 3066 788 3127 Discit
835 3069 993 3127 enim
1041 3069 1218 3128 citius
1261 3068 1652 3145 meminitque
1702 3065 1984 3126 libentius
2029 3065 2174 3126 illud

606 3155 778 3225 Quod
825 3157 959 3234 quis
1007 3156 1264 3236 deridet,
1312 3175 1487 3235 quam
1535 3155 1692 3234 quod
1739 3153 1952 3234 probat
1999 3163 2057 3215 et
2104 3164 2448 3215 ueneratur.

412 3255 516 3303 264
606 3243 701 3305 Nil
750 3262 950 3305 moror
997 3246 1259 3306 officium
1305 3245 1464 3323 quod
1511 3263 1605 3304 me
1653 3251 1889 3324 grauat,
1937 3261 2004 3303 ac
2051 3261 2245 3323 neque
2294 3245 2431 3304 ficto

466 3329 473 3340 '
602 3332 671 3393 ln
717 3335 887 3412 peius
934 3333 1105 3408 uoltu
1147 3336 1401 3414 proponi
1449 3351 1663 3393 cereus
1711 3350 1962 3411 usquam

604 3421 726 3482 Nec
772 3440 957 3501 praue
1007 3423 1175 3483 factis
1223 3422 1496 3483 decorari
1540 3420 1820 3482 uersibus
1867 3428 2033 3500 opto:

605 3510 691 3570 Ne
739 3510 983 3571 rubeam
1030 3513 1238 3591 pingui
1285 3511 1538 3572 donatus
1582 3528 1833 3571 munere
1882 3518 1943 3570 et
1988 3528 2104 3570 una

944 3785 1922 3878 wEaRva)2'(u)dzm'(wL)v

431 3951 534 3999 233
573 3944 860 4001 Choerilus
898 3963 998 4015 aye
1074 3945 1323 4000 Cherilus
1359 3964 1425 4015 γυ
1500 3946 1807 4002 Choerulus
1835 3947 1896 4000 Ε
1966 3945 2253 4002 Choerilos
2287 3941 2445 4000 RFx
2449 3941 2573 4001 ἀείτί
2629 3905 2632 3908 Δ
2721 4017 2729 4036 1

286 4030 574 4106 cnoel-113³
601 4052 812 4108 FaazL
939 4058 1040 4106 239
1070 4052 1313 4121 apellem
1331 4051 1419 4106 Re
1485 4053 1780 4125 apellentss
1800 4057 1831 4108 κ
1896 4053 2157 4123 appellen
2174 4069 2211 4121 9
2273 4052 2578 4124 apellenssz

286 4121 516 4192 apellen
560 4128 677 4177 cett.
832 4130 938 4177 244
983 4123 1254 4179 Boeotum
1301 4141 1370 4192 ay
1443 4124 1682 4181 Boetum
1719 4129 1835 4181 cett.
1980 4129 2083 4178 247
2130 4122 2320 4178 uarius
2357 4122 2577 4192 ayEyR

290 4194 496 4262 Porph.
571 4210 738 4248 uarus
765 4192 871 4249 Fz'
874 4190 1031 4249 dzsn'
1033 4212 1065 4248 v
1088 4194 1246 4260 Porf.
1374 4195 1503 4250 inde
1521 4196 1590 4250 ab
1609 4197 1709 4251 hoc
1725 4211 1891 4251 uersu
1908 4195 2089 4278 deficit
2105 4210 2166 4263 γι
2302 4200 2406 4248 248
2434 4194 2575 4249 uult.

286 4280 430 4319 omn.
575 4270 678 4319 259
716 4266 998 4336 recusent]
1037 4266 1299 4320 recusant
1334 4265 1383 4318 L
1565 4283 1661 4321 uu.
1691 4274 1862 4322 261-
1869 4271 1975 4321 270
2011 4267 2075 4320 in
2105 4284 2130 4320 ε
2170 4265 2412 4320 abscisae
2446 4270 2578 4319 sunt

277 4340 472 4405 partes
514 4336 708 4403 finales
861 4342 964 4390 262
1015 4336 1195 4400 Discit
1231 4335 1330 4390 R
1419 4335 1520 4391 icit
1567 4338 1586 4391 l
1584 4354 1691 4424 pr.
1734 4338 1875 4423 Pph.
1961 4336 2140 4391 Discit
2184 4341 2300 4391 cett.
2352 4331 2577 4405 Porph.'

286 4422 432 4462 cons.
475 4406 570 4473 Pf.
716 4412 819 4462 267
865 4408 984 4462 Nec
1021 4407 1083 4461 E
1159 4407 1245 4461 Ne
1282 4411 1398 4462 cett.
1440 4404 1599 4477 Pph!
1635 4405 1857 4477 Porphf

395 4514 529 4544 nom
533 4515 655 4546 vvvvv
2088 4503 2150 4551 15
