3225 5000
1345 1247 1416 1321 Q.
1462 1245 1800 1310 HORATI
1844 1245 2158 1325 FLAOGI

1247 1374 2258 1505 sERMoNVM

1434 1598 1652 1688 1³11}ssss
1690 1597 2070 1675 SECVNDVS

1648 1764 1861 1771 —-—

1747 1907 1771 1966 1

930 2031 1084 2094 Sunt
1129 2031 1346 2112 quibus
1393 2034 1455 2091 in
1503 2041 1702 2093 satura
1750 2031 1955 2092 uidear
2002 2033 2176 2091 nimis
2223 2050 2359 2091 acer
2407 2039 2466 2092 et
2513 2031 2668 2092 ultra

926 2120 1144 2202 Legem
1190 2121 1436 2182 tendere
1484 2140 1662 2202 opus3
1710 2122 1836 2181 sine
1885 2122 2090 2180 neruis
2136 2119 2344 2200 altera,
2392 2121 2674 2200 quicquid

929 2210 1274 2290 Composui,
1322 2228 1461 2289 pars
1508 2229 1639 2270 esse
1686 2217 1856 2288 putat
1903 2208 2228 2287 similisque
2272 2227 2544 2270 meorum
2652 2259 2659 2265 .

805 2312 838 2359 4
931 2299 1086 2361 Mille
1135 2300 1228 2360 die
1274 2318 1491 2360 uersus
1538 2299 1753 2359 deduci
1798 2317 1991 2377 posse.
2084 2297 2351 2379 Trebati,

929 2386 1082 2460 Quid
1129 2389 1365 2470 faciam,
1412 2386 1771 2467 praescribe.
1847 2381 2183 2466 ‘quiescas'.
2267 2405 2343 2447 ne
2390 2387 2624 2468 faciam,
2670 2389 2912 2469 inquis,

929 2477 1184 2539 Omnino
1231 2474 1491 2539 uersus?
1539 2471 1697 2537 ‘aio'.
1786 2493 2030 2557 peream
2076 2474 2255 2558 male,
2302 2479 2351 2538 si
2399 2494 2518 2537 non

929 2567 1233 2646 Optimum
1281 2561 1433 2646 erat3
1481 2585 1694 2627 uerum
1743 2584 1975 2645 nequeo
2024 2566 2300 2626 dormire.
2395 2562 2510 2626 ‘ter
2555 2568 2723 2627 uncti

805 2668 836 2716 8
929 2657 1300 2716 Transnanto
1347 2655 1639 2736 Tiberim,
1686 2673 1893 2715 somno
1945 2654 2160 2734 quibus
2209 2663 2299 2716 est
2345 2673 2494 2733 opus
2541 2654 2685 2737 alto,

928 2745 1353 2822 inriguumque
1399 2763 1565 2804 mero
1615 2743 1726 2804 sub
1774 2752 2010 2805 noctem
2058 2762 2278 2823 corpus
2323 2742 2594 2805 habento.

900 2834 1046 2893 'Aut
1093 2835 1142 2893 si
1188 2839 1388 2893 tantus
1425 2851 1601 2913 ,amor
1648 2832 1948 2893 scribendi
1993 2840 2053 2893 te
2100 2834 2280 2913 rapit,
2328 2833 2477 2893 aude

746 3001 751 3005 ἱ
929 2921 1196 2982 Caesaris
1242 2923 1453 2983 inuicti
1499 2940 1597 2982 res
1646 2921 1873 3001 dicere,
1919 2920 2102 2982 multa
2149 2920 2418 2982 laborum

774 3024 836 3069 12
928 3011 1197 3071 Praemia
1242 3006 1513 3072 laturus'.
1606 3010 1914 3114 cupidum,
1958 3019 2129 3090 pater
2175 3013 2424 3092 optime,
2472 3013 2631 3071 uires

928 3100 1249 3160 Deficiunt:
1296 3119 1490 3178 neque
1540 3101 1697 3159 enim
1746 3101 1944 3177 quiuis
1990 3099 2295 3160 horrentia
2341 3100 2475 3178 pilis

927 3188 1173 3267 Agmina
1220 3207 1330 3249 nec
1377 3189 1562 3249 fracta
1606 3190 1916 3280 pereuntis
1964 3189 2208 3267 cuspide
2257 3188 2449 3248 Gallos

927 3276 1043 3336 Aut
1089 3275 1340 3338 labentis
1388 3296 1543 3355 equo
1591 3252 1893 3337 describai
1936 3278 2179 3338 uolnera
2226 3277 2446 3338 Parthi.

776 3376 840 3425 16
933 3361 1230 3425 Attamen
1277 3374 1338 3426 et
1382 3368 1603 3426 iustum
1651 3373 1890 3445 poteras
1938 3375 1998 3426 et
2043 3364 2306 3426 scribere
2355 3367 2596 3445 fortem,

931 3453 1264 3531 Scipiadam
1312 3461 1378 3515 ut
1425 3457 1659 3533 sapiens
1706 3450 2013 3514 Lucilius'.
2105 3454 2249 3515 haut
2295 3454 2440 3515 mihi
2486 3455 2656 3535 dero,

929 3542 1079 3602 Cum
1125 3561 1222 3602 res
1268 3545 1395 3622 ipsa
1443 3545 1621 3604 feret:
1669 3545 1784 3604 nisi
1831 3542 2040 3604 dextro
2087 3551 2382 3624 tempore,
2430 3543 2624 3603 Flacci

930 3630 1120 3691 Verba
1165 3650 1274 3710 per
1321 3639 1602 3693 attentam
1651 3650 1768 3692 non
1819 3631 1990 3693 ibunt
2038 3632 2303 3693 Caesaris
2350 3651 2581 3712 aurem,

773 3732 839 3778 20
933 3719 1041 3780 Cui
1090 3720 1238 3780 male
1286 3723 1337 3780 si
1382 3721 1650 3800 palpere‚
1699 3721 2033 3781 recalcitrat
2078 3721 2341 3799 undique
2389 3728 2571 3781 tutus,

929 3804 1185 3878 ‘Quanto
1234 3812 1458 3869 rectius
1504 3810 1644 3890 hoc,
1691 3828 1868 3887 quam
1914 3811 2072 3870 tristi
2116 3810 2351 3869 laedere
2399 3827 2581 3870 uersu

1266 3998 2233 4088 fflmmmmmmw>

752 4122 803 4175 ΙΙ
834 4128 977 4175 1.1
1018 4122 1212 4177 uidear
1248 4122 1622 4192 ayquRizL
1658 4118 1877 4192 Porph!
1908 4128 1958 4176 et
1993 4123 2125 4177 Aer.
2163 4125 2238 4177 ad
2271 4140 2422 4177 serm.
2453 4123 2479 4175 I
2511 4128 2617 4190 1,1
2659 4122 2823 4177 vider
2850 4124 2917 4176 E

680 4193 876 4247 uideor
924 4188 1061 4258 Fssu·
1108 4195 1127 4247 l
1163 4210 1371 4261 parum
1418 4196 1608 4262 liquet,
1659 4210 1759 4248 om.
1802 4194 1892 4262 Pp
1894 4189 1963 4249 hs
2108 4211 2163 4248 w.
2202 4200 2234 4247 3
2273 4195 2422 4249 omis.
2460 4209 2519 4247 vl
2549 4199 2650 4248 aut
2667 4212 2761 4262 pr.

609 4270 643 4316 4
681 4263 883 4317 deduci
919 4264 1345 4333 avaqDRfflv
1427 4264 1618 4318 diduci
1653 4260 1755 4317 Fi'
1759 4281 1829 4318 zu
1972 4270 2003 4318 5
2052 4264 2259 4347 inquis]
2298 4266 2356 4318 in
2396 4264 2482 4319 uis
2516 4264 2572 4318 R
2718 4272 2749 4319 6
2790 4266 2912 4337 aio]

610 4352 717 4403 ago
764 4335 882 4404 E91
1040 4340 1103 4388 15
1160 4334 1427 4389 describit
1470 4331 1698 4389 ·'DRFA
1703 4335 1817 4389 sz
1908 4335 2190 4390 describat
2233 4354 2337 4404 αγν
2398 4352 2439 4389 u
2527 4330 2765 4390 descbet
2799 4354 2837 4406 9

610 4406 844 4459 uulnera
869 4415 1009 4458 omn,
1150 4412 1213 4459 16
1243 4406 1453 4460 iustum
1480 4408 1678 4459 ultima
1704 4423 1817 4460 uox
1846 4408 2008 4460 estin
2026 4406 2110 4472 R‚·
2138 4408 2349 4476 reliqua
2371 4425 2407 4461 a
2424 4424 2597 4461 manu
2614 4410 2916 4463 recentiore

518 4479 521 4484 '
610 4492 745 4530 saec.
789 4476 893 4528 XI
927 4477 1123 4530 addita
1157 4482 1303 4530 sunt.
1451 4482 1516 4531 18
1555 4477 1703 4531 Dum
1739 4473 1868 4546 ψλύ
1936 4477 2073 4531 Cum
2112 4483 2227 4533 cett.
