<?xml version="1.0" encoding="UTF-8"?>
<!DOCTYPE html PUBLIC "-//W3C//DTD XHTML 1.0 Transitional//EN"
    "http://www.w3.org/TR/xhtml1/DTD/xhtml1-transitional.dtd">
<html xmlns="http://www.w3.org/1999/xhtml" xml:lang="en" lang="en">
 <head>
  <title>
</title>
<meta http-equiv="Content-Type" content="text/html;charset=utf-8" />
  <meta name='ocr-system' content='tesseract 3.04.00' />
  <meta name='ocr-capabilities' content='ocr_page ocr_carea ocr_par ocr_line ocrx_word'/>
</head>
<body>
  <div class='ocr_page' id='page_1' title='image "./qhoratiflacciop02kellgoog_0227.png"; bbox 0 0 3225 5000; ppageno 0'>
   <div class='ocr_carea' id='block_1_1' title="bbox 1159 311 2597 390">
    <p class='ocr_par' dir='ltr' id='par_1_1' title="bbox 1159 311 2597 390">
     <span class='ocr_line' id='line_1_1' title="bbox 1159 311 2597 390; baseline 0.004 -22"><span class='ocrx_word' id='word_1_1' title='bbox 1159 324 1291 369; x_wconf 69' lang='grc' dir='ltr'><strong>ΜΒ.</strong></span> <span class='ocrx_word' id='word_1_2' title='bbox 1321 324 1372 388; x_wconf 90' lang='lat'><strong>1,</strong></span> <span class='ocrx_word' id='word_1_3' title='bbox 1404 322 1497 390; x_wconf 83' lang='lat'><strong>18,</strong></span> <span class='ocrx_word' id='word_1_4' title='bbox 1527 323 1752 372; x_wconf 81' lang='lat'>26—91</span> <span class='ocrx_word' id='word_1_5' title='bbox 2467 311 2597 374; x_wconf 83' lang='lat'><strong>213</strong></span> 
     </span>
    </p>
   </div>
   <div class='ocr_carea' id='block_1_2' title="bbox 448 469 2542 3309">
    <p class='ocr_par' dir='ltr' id='par_1_2' title="bbox 464 469 2287 1171">
     <span class='ocr_line' id='line_1_2' title="bbox 628 469 2287 551; baseline 0.001 -19"><span class='ocrx_word' id='word_1_6' title='bbox 628 472 912 542; x_wconf 91' lang='lat' dir='ltr'><strong>Quamuis</strong></span> <span class='ocrx_word' id='word_1_7' title='bbox 959 469 1041 529; x_wconf 92' lang='lat' dir='ltr'><strong>nil</strong></span> <span class='ocrx_word' id='word_1_8' title='bbox 1089 476 1258 529; x_wconf 86' lang='lat' dir='ltr'><strong>extra</strong></span> <span class='ocrx_word' id='word_1_9' title='bbox 1304 488 1618 530; x_wconf 90' lang='lat' dir='ltr'><strong>numerum</strong></span> <span class='ocrx_word' id='word_1_10' title='bbox 1665 472 1880 532; x_wconf 81' lang='lat' dir='ltr'><strong>fecisse</strong></span> <span class='ocrx_word' id='word_1_11' title='bbox 1926 472 2287 551; x_wconf 87' lang='lat' dir='ltr'><strong>modumque</strong></span> 
     </span>
     <span class='ocr_line' id='line_1_3' title="bbox 468 558 1992 640; baseline 0.001 -21"><span class='ocrx_word' id='word_1_12' title='bbox 468 574 537 620; x_wconf 85' lang='lat'><strong>60</strong></span> <span class='ocrx_word' id='word_1_13' title='bbox 630 561 845 640; x_wconf 83' lang='lat' dir='ltr'><strong>CuraS,</strong></span> <span class='ocrx_word' id='word_1_14' title='bbox 888 558 1193 619; x_wconf 89' lang='lat' dir='ltr'><strong>interdum</strong></span> <span class='ocrx_word' id='word_1_15' title='bbox 1241 561 1480 638; x_wconf 85' lang='lat' dir='ltr'><strong>nugaris</strong></span> <span class='ocrx_word' id='word_1_16' title='bbox 1528 579 1670 619; x_wconf 91' lang='lat' dir='ltr'><strong>rure</strong></span> <span class='ocrx_word' id='word_1_17' title='bbox 1716 568 1992 640; x_wconf 90' lang='lat' dir='ltr'><strong>paterno:</strong></span> 
     </span>
     <span class='ocr_line' id='line_1_4' title="bbox 624 647 1984 729; baseline -0.001 -19"><span class='ocrx_word' id='word_1_18' title='bbox 624 651 888 710; x_wconf 84' lang='lat' dir='ltr'><strong>Partitur</strong></span> <span class='ocrx_word' id='word_1_19' title='bbox 933 647 1158 726; x_wconf 89' lang='lat' dir='ltr'><strong>lyntres</strong></span> <span class='ocrx_word' id='word_1_20' title='bbox 1204 650 1529 729; x_wconf 88' lang='lat' dir='ltr'><strong>exercitus,</strong></span> <span class='ocrx_word' id='word_1_21' title='bbox 1576 647 1743 708; x_wconf 88' lang='lat' dir='ltr'><strong>Actia</strong></span> <span class='ocrx_word' id='word_1_22' title='bbox 1787 668 1984 728; x_wconf 84' lang='lat' dir='ltr'><strong>pugna</strong></span> 
     </span>
     <span class='ocr_line' id='line_1_5' title="bbox 625 730 2125 815; baseline 0 -16"><span class='ocrx_word' id='word_1_23' title='bbox 625 739 711 799; x_wconf 92' lang='lat' dir='ltr'><strong>Te</strong></span> <span class='ocrx_word' id='word_1_24' title='bbox 758 730 1063 815; x_wconf 81' lang='lat' dir='ltr'><strong>duce&#39;per</strong></span> <span class='ocrx_word' id='word_1_25' title='bbox 1109 755 1331 815; x_wconf 89' lang='lat' dir='ltr'><strong>pueros</strong></span> <span class='ocrx_word' id='word_1_26' title='bbox 1376 736 1577 796; x_wconf 91' lang='lat' dir='ltr'><strong>hostili</strong></span> <span class='ocrx_word' id='word_1_27' title='bbox 1625 756 1791 798; x_wconf 93' lang='lat' dir='ltr'><strong>more</strong></span> <span class='ocrx_word' id='word_1_28' title='bbox 1838 740 2125 813; x_wconf 81' lang='lat' dir='ltr'><strong>refertur,</strong></span> 
     </span>
     <span class='ocr_line' id='line_1_6' title="bbox 625 826 2156 909; baseline 0 -22"><span class='ocrx_word' id='word_1_29' title='bbox 625 827 1018 888; x_wconf 90' lang='lat' dir='ltr'><strong>Aduersarius</strong></span> <span class='ocrx_word' id='word_1_30' title='bbox 1066 836 1159 886; x_wconf 86' lang='lat' dir='ltr'><strong>est</strong></span> <span class='ocrx_word' id='word_1_31' title='bbox 1203 826 1413 907; x_wconf 82' lang='lat' dir='ltr'><strong>frater,</strong></span> <span class='ocrx_word' id='word_1_32' title='bbox 1460 826 1625 886; x_wconf 89' lang='lat' dir='ltr'><strong>lacus</strong></span> <span class='ocrx_word' id='word_1_33' title='bbox 1670 826 1919 909; x_wconf 85' lang='lat' dir='ltr'><strong>Hadria,</strong></span> <span class='ocrx_word' id='word_1_34' title='bbox 1967 827 2156 888; x_wconf 90' lang='lat' dir='ltr'><strong>donec</strong></span> 
     </span>
     <span class='ocr_line' id='line_1_7' title="bbox 464 914 2095 977; baseline 0 -1"><span class='ocrx_word' id='word_1_35' title='bbox 464 928 534 976; x_wconf 82' lang='grc'><strong>64</strong></span> <span class='ocrx_word' id='word_1_36' title='bbox 625 916 997 977; x_wconf 84' lang='lat' dir='ltr'><strong>Alterutrum</strong></span> <span class='ocrx_word' id='word_1_37' title='bbox 1044 914 1218 974; x_wconf 88' lang='lat' dir='ltr'><strong>uelox</strong></span> <span class='ocrx_word' id='word_1_38' title='bbox 1265 914 1524 975; x_wconf 87' lang='lat' dir='ltr'><strong>Victoria</strong></span> <span class='ocrx_word' id='word_1_39' title='bbox 1571 915 1784 975; x_wconf 82' lang='lat' dir='ltr'><strong>fronde</strong></span> <span class='ocrx_word' id='word_1_40' title='bbox 1832 924 2095 976; x_wconf 91' lang='lat' dir='ltr'><strong>coronet.</strong></span> 
     </span>
     <span class='ocr_line' id='line_1_8' title="bbox 624 1002 2062 1087; baseline -0.001 -21"><span class='ocrx_word' id='word_1_41' title='bbox 624 1006 974 1066; x_wconf 86' lang='lat' dir='ltr'><strong>Consentire</strong></span> <span class='ocrx_word' id='word_1_42' title='bbox 1022 1005 1148 1063; x_wconf 90' lang='lat' dir='ltr'><strong>suis</strong></span> <span class='ocrx_word' id='word_1_43' title='bbox 1195 1002 1410 1063; x_wconf 89' lang='lat' dir='ltr'><strong>studiis</strong></span> <span class='ocrx_word' id='word_1_44' title='bbox 1456 1006 1558 1082; x_wconf 92' lang='lat' dir='ltr'><strong>qui</strong></span> <span class='ocrx_word' id='word_1_45' title='bbox 1606 1004 1927 1064; x_wconf 85' lang='lat' dir='ltr'><strong>crediderit</strong></span> <span class='ocrx_word' id='word_1_46' title='bbox 1974 1013 2062 1087; x_wconf 89' lang='lat' dir='ltr'><strong>te,</strong></span> 
     </span>
     <span class='ocr_line' id='line_1_9' title="bbox 621 1092 2193 1171; baseline -0.001 -17"><span class='ocrx_word' id='word_1_47' title='bbox 621 1095 841 1154; x_wconf 86' lang='lat' dir='ltr'><strong>Fautor</strong></span> <span class='ocrx_word' id='word_1_48' title='bbox 887 1101 1142 1170; x_wconf 90' lang='lat' dir='ltr'><strong>utroque</strong></span> <span class='ocrx_word' id='word_1_49' title='bbox 1190 1099 1362 1153; x_wconf 91' lang='lat' dir='ltr'><strong>tuum</strong></span> <span class='ocrx_word' id='word_1_50' title='bbox 1407 1092 1667 1152; x_wconf 86' lang='lat' dir='ltr'><strong>laudabit</strong></span> <span class='ocrx_word' id='word_1_51' title='bbox 1713 1093 1925 1171; x_wconf 81' lang='lat' dir='ltr'><strong>pollice</strong></span> <span class='ocrx_word' id='word_1_52' title='bbox 1971 1093 2193 1154; x_wconf 91' lang='lat' dir='ltr'><strong>ludum.</strong></span> 
     </span>
    </p>

    <p class='ocr_par' dir='ltr' id='par_1_3' title="bbox 462 1181 2343 1531">
     <span class='ocr_line' id='line_1_10' title="bbox 571 1181 2292 1263; baseline 0 -20"><span class='ocrx_word' id='word_1_53' title='bbox 571 1240 580 1249; x_wconf 86' lang='grc'><strong>,</strong></span> <span class='ocrx_word' id='word_1_54' title='bbox 621 1183 903 1243; x_wconf 90' lang='lat' dir='ltr'><strong>Protinus</strong></span> <span class='ocrx_word' id='word_1_55' title='bbox 949 1188 1017 1241; x_wconf 89' lang='lat' dir='ltr'><strong>ut</strong></span> <span class='ocrx_word' id='word_1_56' title='bbox 1062 1199 1359 1263; x_wconf 90' lang='lat' dir='ltr'><strong>moneam,</strong></span> <span class='ocrx_word' id='word_1_57' title='bbox 1407 1181 1603 1259; x_wconf 91' lang='lat' dir='ltr'><strong>siquid</strong></span> <span class='ocrx_word' id='word_1_58' title='bbox 1652 1184 1962 1242; x_wconf 90' lang='lat' dir='ltr'><strong>monitoris</strong></span> <span class='ocrx_word' id='word_1_59' title='bbox 2010 1201 2149 1261; x_wconf 86' lang='lat' dir='ltr'><strong>eges</strong></span> <span class='ocrx_word' id='word_1_60' title='bbox 2196 1190 2292 1243; x_wconf 89' lang='lat' dir='ltr'><strong>tu:</strong></span> 
     </span>
     <span class='ocr_line' id='line_1_11' title="bbox 462 1270 2343 1353; baseline 0.001 -22"><span class='ocrx_word' id='word_1_61' title='bbox 462 1283 530 1331; x_wconf 85' lang='grc'>68</span> <span class='ocrx_word' id='word_1_62' title='bbox 623 1272 777 1342; x_wconf 90' lang='lat' dir='ltr'><strong>Quid</strong></span> <span class='ocrx_word' id='word_1_63' title='bbox 825 1271 897 1331; x_wconf 91' lang='lat' dir='ltr'><strong>de</strong></span> <span class='ocrx_word' id='word_1_64' title='bbox 947 1288 1183 1349; x_wconf 91' lang='lat' dir='ltr'><strong>quoque</strong></span> <span class='ocrx_word' id='word_1_65' title='bbox 1233 1273 1365 1330; x_wconf 92' lang='lat' dir='ltr'><strong>uiro</strong></span> <span class='ocrx_word' id='word_1_66' title='bbox 1413 1277 1475 1329; x_wconf 88' lang='lat' dir='ltr'><strong>et</strong></span> <span class='ocrx_word' id='word_1_67' title='bbox 1520 1273 1619 1330; x_wconf 91' lang='lat' dir='ltr'><strong>cui</strong></span> <span class='ocrx_word' id='word_1_68' title='bbox 1664 1270 1851 1353; x_wconf 90' lang='lat' dir='ltr'><strong>dicas,</strong></span> <span class='ocrx_word' id='word_1_69' title='bbox 1901 1290 2076 1350; x_wconf 89' lang='lat' dir='ltr'><strong>saepe</strong></span> <span class='ocrx_word' id='word_1_70' title='bbox 2122 1271 2343 1332; x_wconf 89' lang='lat' dir='ltr'><strong>uideto.</strong></span> 
     </span>
     <span class='ocr_line' id='line_1_12' title="bbox 621 1360 2247 1442; baseline 0 -22"><span class='ocrx_word' id='word_1_71' title='bbox 621 1361 1109 1421; x_wconf 91' lang='lat' dir='ltr'><strong>Percontatorem</strong></span> <span class='ocrx_word' id='word_1_72' title='bbox 1155 1360 1374 1438; x_wconf 86' lang='lat' dir='ltr'><strong>fugito:</strong></span> <span class='ocrx_word' id='word_1_73' title='bbox 1421 1377 1557 1419; x_wconf 89' lang='lat' dir='ltr'><strong>nam</strong></span> <span class='ocrx_word' id='word_1_74' title='bbox 1602 1360 1878 1438; x_wconf 84' lang='lat' dir='ltr'><strong>garrulus</strong></span> <span class='ocrx_word' id='word_1_75' title='bbox 1924 1360 2084 1420; x_wconf 91' lang='lat' dir='ltr'><strong>idem</strong></span> <span class='ocrx_word' id='word_1_76' title='bbox 2130 1368 2247 1442; x_wconf 88' lang='lat' dir='ltr'><strong>est,</strong></span> 
     </span>
     <span class='ocr_line' id='line_1_13' title="bbox 619 1448 2238 1531; baseline 0 -22"><span class='ocrx_word' id='word_1_77' title='bbox 619 1449 741 1510; x_wconf 91' lang='lat' dir='ltr'><strong>Nec</strong></span> <span class='ocrx_word' id='word_1_78' title='bbox 788 1450 1050 1509; x_wconf 88' lang='lat' dir='ltr'><strong>retinent</strong></span> <span class='ocrx_word' id='word_1_79' title='bbox 1094 1448 1326 1527; x_wconf 89' lang='lat' dir='ltr'><strong>patulae</strong></span> <span class='ocrx_word' id='word_1_80' title='bbox 1375 1450 1689 1508; x_wconf 90' lang='lat' dir='ltr'><strong>commissa</strong></span> <span class='ocrx_word' id='word_1_81' title='bbox 1735 1448 1990 1509; x_wconf 83' lang='lat' dir='ltr'><strong>fideliter</strong></span> <span class='ocrx_word' id='word_1_82' title='bbox 2036 1467 2238 1531; x_wconf 83' lang='lat' dir='ltr'><strong>aureS,</strong></span> 
     </span>
    </p>

    <p class='ocr_par' dir='ltr' id='par_1_4' title="bbox 617 1536 2226 1599">
     <span class='ocr_line' id='line_1_14' title="bbox 617 1536 2226 1599; baseline 0.001 -1"><span class='ocrx_word' id='word_1_83' title='bbox 617 1538 693 1598; x_wconf 88' lang='lat' dir='ltr'><strong>Et</strong></span> <span class='ocrx_word' id='word_1_84' title='bbox 740 1537 923 1598; x_wconf 90' lang='lat' dir='ltr'><strong>semel</strong></span> <span class='ocrx_word' id='word_1_85' title='bbox 968 1538 1253 1597; x_wconf 89' lang='lat' dir='ltr'><strong>emissum</strong></span> <span class='ocrx_word' id='word_1_86' title='bbox 1299 1536 1461 1597; x_wconf 89' lang='lat' dir='ltr'><strong>uolat</strong></span> <span class='ocrx_word' id='word_1_87' title='bbox 1506 1537 1908 1598; x_wconf 90' lang='lat' dir='ltr'><strong>inreuocahile</strong></span> <span class='ocrx_word' id='word_1_88' title='bbox 1953 1537 2226 1599; x_wconf 90' lang='lat' dir='ltr'><strong>uerbum.</strong></span> 
     </span>
    </p>

    <p class='ocr_par' dir='ltr' id='par_1_5' title="bbox 448 1625 2542 3309">
     <span class='ocr_line' id='line_1_15' title="bbox 455 1625 2153 1706; baseline 0.001 -20"><span class='ocrx_word' id='word_1_89' title='bbox 455 1627 527 1686; x_wconf 81' lang='lat'><strong>&#39;72</strong></span> <span class='ocrx_word' id='word_1_90' title='bbox 618 1627 748 1687; x_wconf 91' lang='lat' dir='ltr'><strong>Non</strong></span> <span class='ocrx_word' id='word_1_91' title='bbox 796 1626 1005 1686; x_wconf 91' lang='lat' dir='ltr'><strong>ancilla</strong></span> <span class='ocrx_word' id='word_1_92' title='bbox 1053 1632 1222 1691; x_wconf 92' lang='lat' dir='ltr'><strong>tuum</strong></span> <span class='ocrx_word' id='word_1_93' title='bbox 1270 1628 1438 1686; x_wconf 91' lang='lat' dir='ltr'><strong>iecur</strong></span> <span class='ocrx_word' id='word_1_94' title='bbox 1486 1625 1716 1686; x_wconf 87' lang='lat' dir='ltr'><strong>ulceret</strong></span> <span class='ocrx_word' id='word_1_95' title='bbox 1762 1626 1879 1686; x_wconf 91' lang='lat' dir='ltr'><strong>ulla</strong></span> <span class='ocrx_word' id='word_1_96' title='bbox 1925 1645 2153 1706; x_wconf 91' lang='lat' dir='ltr'><strong>puerue</strong></span> 
     </span>
     <span class='ocr_line' id='line_1_16' title="bbox 615 1714 2067 1795; baseline -0.001 -19"><span class='ocrx_word' id='word_1_97' title='bbox 615 1715 779 1776; x_wconf 90' lang='lat' dir='ltr'><strong>Intra</strong></span> <span class='ocrx_word' id='word_1_98' title='bbox 825 1733 1224 1776; x_wconf 88' lang='lat' dir='ltr'><strong>marmoreum</strong></span> <span class='ocrx_word' id='word_1_99' title='bbox 1270 1714 1595 1775; x_wconf 90' lang='lat' dir='ltr'><strong>uenerandi</strong></span> <span class='ocrx_word' id='word_1_100' title='bbox 1640 1715 1822 1775; x_wconf 91' lang='lat' dir='ltr'><strong>limen</strong></span> <span class='ocrx_word' id='word_1_101' title='bbox 1869 1718 2067 1795; x_wconf 90' lang='lat' dir='ltr'><strong>amici,</strong></span> 
     </span>
     <span class='ocr_line' id='line_1_17' title="bbox 616 1803 2099 1884; baseline -0.001 -19"><span class='ocrx_word' id='word_1_102' title='bbox 616 1805 702 1865; x_wconf 92' lang='lat' dir='ltr'><strong>Ne</strong></span> <span class='ocrx_word' id='word_1_103' title='bbox 750 1805 1025 1865; x_wconf 89' lang='lat' dir='ltr'><strong>dominus</strong></span> <span class='ocrx_word' id='word_1_104' title='bbox 1070 1806 1245 1883; x_wconf 90' lang='lat' dir='ltr'><strong>pueri</strong></span> <span class='ocrx_word' id='word_1_105' title='bbox 1288 1803 1525 1883; x_wconf 86' lang='lat' dir='ltr'><strong>pulchri</strong></span> <span class='ocrx_word' id='word_1_106' title='bbox 1571 1822 1821 1864; x_wconf 90' lang='lat' dir='ltr'><strong>caraeue</strong></span> <span class='ocrx_word' id='word_1_107' title='bbox 1867 1804 2099 1884; x_wconf 92' lang='lat' dir='ltr'><strong>puellae</strong></span> 
     </span>
     <span class='ocr_line' id='line_1_18' title="bbox 614 1892 2224 1973; baseline -0.001 -19"><span class='ocrx_word' id='word_1_108' title='bbox 614 1893 860 1955; x_wconf 88' lang='lat' dir='ltr'><strong>Munere</strong></span> <span class='ocrx_word' id='word_1_109' title='bbox 908 1901 968 1953; x_wconf 90' lang='lat' dir='ltr'><strong>te</strong></span> <span class='ocrx_word' id='word_1_110' title='bbox 1013 1910 1200 1972; x_wconf 89' lang='lat' dir='ltr'><strong>paruo</strong></span> <span class='ocrx_word' id='word_1_111' title='bbox 1247 1892 1384 1953; x_wconf 92' lang='lat' dir='ltr'><strong>heet</strong></span> <span class='ocrx_word' id='word_1_112' title='bbox 1431 1900 1533 1953; x_wconf 87' lang='lat' dir='ltr'><strong>aut</strong></span> <span class='ocrx_word' id='word_1_113' title='bbox 1577 1893 1989 1954; x_wconf 90' lang='lat' dir='ltr'><strong>incommodus</strong></span> <span class='ocrx_word' id='word_1_114' title='bbox 2035 1900 2224 1973; x_wconf 84' lang='lat' dir='ltr'><strong>angat.</strong></span> 
     </span>
     <span class='ocr_line' id='line_1_19' title="bbox 457 1982 2542 2063; baseline 0 -20"><span class='ocrx_word' id='word_1_115' title='bbox 457 1995 524 2043; x_wconf 79' lang='lat'><strong>76</strong></span> <span class='ocrx_word' id='word_1_116' title='bbox 619 1983 863 2054; x_wconf 86' lang='lat' dir='ltr'><strong>Qualem</strong></span> <span class='ocrx_word' id='word_1_117' title='bbox 912 1982 1291 2042; x_wconf 88' lang='lat' dir='ltr'><strong>commendes</strong></span> <span class='ocrx_word' id='word_1_118' title='bbox 1339 1984 1517 2042; x_wconf 87' lang='lat' dir='ltr'><strong>etiam</strong></span> <span class='ocrx_word' id='word_1_119' title='bbox 1563 1989 1739 2061; x_wconf 91' lang='lat' dir='ltr'><strong>atque</strong></span> <span class='ocrx_word' id='word_1_120' title='bbox 1788 1985 1967 2043; x_wconf 92' lang='lat' dir='ltr'><strong>etiam</strong></span> <span class='ocrx_word' id='word_1_121' title='bbox 2012 1984 2237 2063; x_wconf 82' lang='lat' dir='ltr'><strong>aspice,</strong></span> <span class='ocrx_word' id='word_1_122' title='bbox 2283 2000 2358 2041; x_wconf 91' lang='lat' dir='ltr'><strong>ne</strong></span> <span class='ocrx_word' id='word_1_123' title='bbox 2403 1999 2542 2043; x_wconf 84' lang='lat' dir='ltr'><strong>mox</strong></span> 
     </span>
     <span class='ocr_line' id='line_1_20' title="bbox 611 2070 1938 2150; baseline -0.001 -18"><span class='ocrx_word' id='word_1_124' title='bbox 611 2072 910 2132; x_wconf 89' lang='lat' dir='ltr'><strong>Incutiant</strong></span> <span class='ocrx_word' id='word_1_125' title='bbox 955 2070 1140 2131; x_wconf 90' lang='lat' dir='ltr'><strong>aliena</strong></span> <span class='ocrx_word' id='word_1_126' title='bbox 1189 2070 1296 2131; x_wconf 92' lang='lat' dir='ltr'><strong>tihi</strong></span> <span class='ocrx_word' id='word_1_127' title='bbox 1342 2077 1582 2150; x_wconf 90' lang='lat' dir='ltr'><strong>peccata</strong></span> <span class='ocrx_word' id='word_1_128' title='bbox 1631 2070 1938 2150; x_wconf 91' lang='lat' dir='ltr'><strong>pudorem.</strong></span> 
     </span>
     <span class='ocr_line' id='line_1_21' title="bbox 611 2159 2352 2238; baseline -0.001 -18"><span class='ocrx_word' id='word_1_129' title='bbox 611 2160 893 2221; x_wconf 90' lang='lat' dir='ltr'><strong>Fallimur</strong></span> <span class='ocrx_word' id='word_1_130' title='bbox 940 2168 1000 2220; x_wconf 88' lang='lat' dir='ltr'><strong>et</strong></span> <span class='ocrx_word' id='word_1_131' title='bbox 1045 2159 1342 2238; x_wconf 89' lang='lat' dir='ltr'><strong>quondam</strong></span> <span class='ocrx_word' id='word_1_132' title='bbox 1389 2178 1509 2220; x_wconf 91' lang='lat' dir='ltr'><strong>non</strong></span> <span class='ocrx_word' id='word_1_133' title='bbox 1555 2159 1800 2238; x_wconf 85' lang='lat' dir='ltr'><strong>dignum</strong></span> <span class='ocrx_word' id='word_1_134' title='bbox 1845 2159 2163 2221; x_wconf 87' lang='lat' dir='ltr'><strong>tradimus:</strong></span> <span class='ocrx_word' id='word_1_135' title='bbox 2209 2178 2352 2238; x_wconf 86' lang='lat' dir='ltr'><strong>ergo</strong></span> 
     </span>
     <span class='ocr_line' id='line_1_22' title="bbox 613 2248 2293 2331; baseline -0.001 -21"><span class='ocrx_word' id='word_1_136' title='bbox 613 2250 804 2321; x_wconf 85' lang='lat' dir='ltr'><strong>Quem</strong></span> <span class='ocrx_word' id='word_1_137' title='bbox 850 2268 956 2309; x_wconf 92' lang='lat' dir='ltr'><strong>sua</strong></span> <span class='ocrx_word' id='word_1_138' title='bbox 1003 2248 1174 2328; x_wconf 90' lang='lat' dir='ltr'><strong>culpa</strong></span> <span class='ocrx_word' id='word_1_139' title='bbox 1219 2256 1477 2330; x_wconf 85' lang='lat' dir='ltr'><strong>premet,</strong></span> <span class='ocrx_word' id='word_1_140' title='bbox 1525 2248 1812 2328; x_wconf 90' lang='lat' dir='ltr'><strong>deceptus</strong></span> <span class='ocrx_word' id='word_1_141' title='bbox 1859 2250 2063 2309; x_wconf 88' lang='lat' dir='ltr'><strong>omitte</strong></span> <span class='ocrx_word' id='word_1_142' title='bbox 2110 2250 2293 2331; x_wconf 88' lang='lat' dir='ltr'><strong>tueri,</strong></span> 
     </span>
     <span class='ocr_line' id='line_1_23' title="bbox 453 2338 2266 2420; baseline -0.001 -22"><span class='ocrx_word' id='word_1_143' title='bbox 453 2351 522 2398; x_wconf 88' lang='lat'><strong>80</strong></span> <span class='ocrx_word' id='word_1_144' title='bbox 614 2338 687 2399; x_wconf 92' lang='lat' dir='ltr'><strong>Vt</strong></span> <span class='ocrx_word' id='word_1_145' title='bbox 730 2341 970 2418; x_wconf 90' lang='lat' dir='ltr'><strong>penitus</strong></span> <span class='ocrx_word' id='word_1_146' title='bbox 1017 2346 1252 2411; x_wconf 92' lang='lat' dir='ltr'><strong>notum,</strong></span> <span class='ocrx_word' id='word_1_147' title='bbox 1300 2339 1353 2397; x_wconf 89' lang='lat' dir='ltr'><strong>si</strong></span> <span class='ocrx_word' id='word_1_148' title='bbox 1397 2345 1691 2417; x_wconf 87' lang='lat' dir='ltr'><strong>temptent</strong></span> <span class='ocrx_word' id='word_1_149' title='bbox 1738 2339 2011 2420; x_wconf 88' lang='lat' dir='ltr'><strong>crimina,</strong></span> <span class='ocrx_word' id='word_1_150' title='bbox 2059 2356 2266 2398; x_wconf 90' lang='lat' dir='ltr'><strong>serues</strong></span> 
     </span>
     <span class='ocr_line' id='line_1_24' title="bbox 613 2427 1971 2508; baseline 0 -21"><span class='ocrx_word' id='word_1_151' title='bbox 613 2427 972 2507; x_wconf 88' lang='lat' dir='ltr'><strong>Tuterisque</strong></span> <span class='ocrx_word' id='word_1_152' title='bbox 1019 2433 1122 2487; x_wconf 89' lang='lat' dir='ltr'><strong>tuo</strong></span> <span class='ocrx_word' id='word_1_153' title='bbox 1170 2427 1450 2489; x_wconf 90' lang='lat' dir='ltr'><strong>fidentem</strong></span> <span class='ocrx_word' id='word_1_154' title='bbox 1497 2427 1821 2508; x_wconf 86' lang='lat' dir='ltr'><strong>praesidio:</strong></span> <span class='ocrx_word' id='word_1_155' title='bbox 1870 2429 1971 2507; x_wconf 92' lang='lat' dir='ltr'><strong>qui</strong></span> 
     </span>
     <span class='ocr_line' id='line_1_25' title="bbox 613 2516 2139 2598; baseline -0.001 -21"><span class='ocrx_word' id='word_1_156' title='bbox 613 2518 801 2578; x_wconf 90' lang='lat' dir='ltr'><strong>Dente</strong></span> <span class='ocrx_word' id='word_1_157' title='bbox 847 2517 1155 2585; x_wconf 88' lang='lat' dir='ltr'><strong>Theonino</strong></span> <span class='ocrx_word' id='word_1_158' title='bbox 1204 2536 1341 2578; x_wconf 91' lang='lat' dir='ltr'><strong>cum</strong></span> <span class='ocrx_word' id='word_1_159' title='bbox 1388 2517 1878 2598; x_wconf 89' lang='lat' dir='ltr'><strong>circumroditur,</strong></span> <span class='ocrx_word' id='word_1_160' title='bbox 1926 2516 2139 2596; x_wconf 90' lang='lat' dir='ltr'><strong>ecquid</strong></span> 
     </span>
     <span class='ocr_line' id='line_1_26' title="bbox 610 2602 2094 2686; baseline 0 -20"><span class='ocrx_word' id='word_1_161' title='bbox 610 2607 696 2667; x_wconf 85' lang='lat' dir='ltr'><strong>Ad</strong></span> <span class='ocrx_word' id='word_1_162' title='bbox 743 2614 802 2666; x_wconf 90' lang='lat' dir='ltr'><strong>te</strong></span> <span class='ocrx_word' id='word_1_163' title='bbox 847 2614 984 2686; x_wconf 88' lang='lat' dir='ltr'><strong>post</strong></span> <span class='ocrx_word' id='word_1_164' title='bbox 1028 2606 1204 2686; x_wconf 92' lang='lat' dir='ltr'><strong>paulo</strong></span> <span class='ocrx_word' id='word_1_165' title='bbox 1251 2615 1505 2667; x_wconf 89' lang='lat' dir='ltr'><strong>uentura</strong></span> <span class='ocrx_word' id='word_1_166' title='bbox 1550 2606 1817 2686; x_wconf 91' lang='lat' dir='ltr'><strong>pericula</strong></span> <span class='ocrx_word' id='word_1_167' title='bbox 1865 2602 2094 2678; x_wconf 76' lang='lat' dir='ltr'><strong>sentis?</strong></span> 
     </span>
     <span class='ocr_line' id='line_1_27' title="bbox 450 2695 2327 2778; baseline 0.001 -22"><span class='ocrx_word' id='word_1_168' title='bbox 450 2707 520 2756; x_wconf 86' lang='lat'><strong>84</strong></span> <span class='ocrx_word' id='word_1_169' title='bbox 610 2695 758 2755; x_wconf 90' lang='lat' dir='ltr'><strong>Nam</strong></span> <span class='ocrx_word' id='word_1_170' title='bbox 803 2704 902 2756; x_wconf 91' lang='lat' dir='ltr'><strong>tua</strong></span> <span class='ocrx_word' id='word_1_171' title='bbox 950 2714 1049 2756; x_wconf 91' lang='lat' dir='ltr'><strong>res</strong></span> <span class='ocrx_word' id='word_1_172' title='bbox 1096 2697 1316 2776; x_wconf 86' lang='lat' dir='ltr'><strong>agitur,</strong></span> <span class='ocrx_word' id='word_1_173' title='bbox 1362 2697 1558 2775; x_wconf 88' lang='lat' dir='ltr'><strong>paries</strong></span> <span class='ocrx_word' id='word_1_174' title='bbox 1606 2715 1744 2756; x_wconf 94' lang='lat' dir='ltr'><strong>cum</strong></span> <span class='ocrx_word' id='word_1_175' title='bbox 1789 2698 2096 2775; x_wconf 82' lang='lat' dir='ltr'><strong>proximus</strong></span> <span class='ocrx_word' id='word_1_176' title='bbox 2134 2696 2327 2778; x_wconf 87' lang='lat' dir='ltr'><strong>ardet,</strong></span> 
     </span>
     <span class='ocr_line' id='line_1_28' title="bbox 608 2784 2067 2845; baseline 0.001 -2"><span class='ocrx_word' id='word_1_177' title='bbox 608 2784 685 2844; x_wconf 91' lang='lat' dir='ltr'><strong>Et</strong></span> <span class='ocrx_word' id='word_1_178' title='bbox 729 2784 992 2844; x_wconf 89' lang='lat' dir='ltr'><strong>neclecta</strong></span> <span class='ocrx_word' id='word_1_179' title='bbox 1041 2784 1233 2844; x_wconf 90' lang='lat' dir='ltr'><strong>solent</strong></span> <span class='ocrx_word' id='word_1_180' title='bbox 1278 2784 1550 2844; x_wconf 90' lang='lat' dir='ltr'><strong>incendia</strong></span> <span class='ocrx_word' id='word_1_181' title='bbox 1599 2803 1836 2845; x_wconf 90' lang='lat' dir='ltr'><strong>sumere</strong></span> <span class='ocrx_word' id='word_1_182' title='bbox 1885 2786 2067 2845; x_wconf 80' lang='lat' dir='ltr'><strong>uires,</strong></span> 
     </span>
     <span class='ocr_line' id='line_1_29' title="bbox 608 2872 2022 2953; baseline 0 -21"><span class='ocrx_word' id='word_1_183' title='bbox 608 2873 809 2933; x_wconf 92' lang='lat' dir='ltr'><strong>Dulcis</strong></span> <span class='ocrx_word' id='word_1_184' title='bbox 855 2875 1182 2952; x_wconf 86' lang='lat' dir='ltr'><strong>inexpertis</strong></span> <span class='ocrx_word' id='word_1_185' title='bbox 1229 2872 1462 2933; x_wconf 88' lang='lat' dir='ltr'><strong>cultura</strong></span> <span class='ocrx_word' id='word_1_186' title='bbox 1507 2875 1772 2952; x_wconf 90' lang='lat' dir='ltr'><strong>potentis</strong></span> <span class='ocrx_word' id='word_1_187' title='bbox 1818 2876 2022 2953; x_wconf 82' lang='lat' dir='ltr'><strong>amici3</strong></span> 
     </span>
     <span class='ocr_line' id='line_1_30' title="bbox 569 2960 2405 3042; baseline 0 -22"><span class='ocrx_word' id='word_1_188' title='bbox 569 2961 907 3040; x_wconf 87' lang='lat' dir='ltr'><strong>-Expertus</strong></span> <span class='ocrx_word' id='word_1_189' title='bbox 953 2969 1196 3022; x_wconf 88' lang='lat' dir='ltr'><strong>metuet.</strong></span> <span class='ocrx_word' id='word_1_190' title='bbox 1287 2961 1408 3042; x_wconf 93' lang='lat' dir='ltr'><strong>Tu,</strong></span> <span class='ocrx_word' id='word_1_191' title='bbox 1457 2961 1598 3021; x_wconf 90' lang='lat' dir='ltr'><strong>dum</strong></span> <span class='ocrx_word' id='word_1_192' title='bbox 1647 2969 1748 3021; x_wconf 91' lang='lat' dir='ltr'><strong>tua</strong></span> <span class='ocrx_word' id='word_1_193' title='bbox 1795 2964 1965 3021; x_wconf 90' lang='lat' dir='ltr'><strong>nauis</strong></span> <span class='ocrx_word' id='word_1_194' title='bbox 2011 2963 2071 3021; x_wconf 90' lang='lat' dir='ltr'><strong>in</strong></span> <span class='ocrx_word' id='word_1_195' title='bbox 2120 2960 2236 3021; x_wconf 89' lang='lat' dir='ltr'><strong>alto</strong></span> <span class='ocrx_word' id='word_1_196' title='bbox 2285 2968 2405 3042; x_wconf 89' lang='lat' dir='ltr'><strong>est,</strong></span> 
     </span>
     <span class='ocr_line' id='line_1_31' title="bbox 448 3049 2198 3132; baseline 0 -23"><span class='ocrx_word' id='word_1_197' title='bbox 448 3061 533 3114; x_wconf 71' lang='grc'><strong>88,</strong></span> <span class='ocrx_word' id='word_1_198' title='bbox 609 3049 736 3110; x_wconf 91' lang='lat' dir='ltr'><strong>Hoc</strong></span> <span class='ocrx_word' id='word_1_199' title='bbox 783 3068 916 3132; x_wconf 85' lang='lat' dir='ltr'><strong>age,</strong></span> <span class='ocrx_word' id='word_1_200' title='bbox 964 3069 1037 3110; x_wconf 90' lang='lat' dir='ltr'><strong>ne</strong></span> <span class='ocrx_word' id='word_1_201' title='bbox 1087 3057 1309 3111; x_wconf 89' lang='lat' dir='ltr'><strong>mutata</strong></span> <span class='ocrx_word' id='word_1_202' title='bbox 1355 3058 1688 3110; x_wconf 90' lang='lat' dir='ltr'><strong>retrorsum</strong></span> <span class='ocrx_word' id='word_1_203' title='bbox 1735 3057 1793 3109; x_wconf 87' lang='lat' dir='ltr'><strong>te</strong></span> <span class='ocrx_word' id='word_1_204' title='bbox 1841 3051 1994 3110; x_wconf 88' lang='lat' dir='ltr'><strong>ferat</strong></span> <span class='ocrx_word' id='word_1_205' title='bbox 2039 3068 2198 3111; x_wconf 89' lang='lat' dir='ltr'><strong>aura.</strong></span> 
     </span>
     <span class='ocr_line' id='line_1_32' title="bbox 610 3138 2084 3219; baseline 0 -21"><span class='ocrx_word' id='word_1_206' title='bbox 610 3138 880 3199; x_wconf 88' lang='lat' dir='ltr'><strong>Oderunt</strong></span> <span class='ocrx_word' id='word_1_207' title='bbox 927 3138 1174 3199; x_wconf 92' lang='lat' dir='ltr'><strong>hilarem</strong></span> <span class='ocrx_word' id='word_1_208' title='bbox 1221 3141 1425 3200; x_wconf 88' lang='lat' dir='ltr'><strong>tristes</strong></span> <span class='ocrx_word' id='word_1_209' title='bbox 1473 3140 1824 3217; x_wconf 91' lang='lat' dir='ltr'><strong>tristemque</strong></span> <span class='ocrx_word' id='word_1_210' title='bbox 1872 3140 2084 3219; x_wconf 93' lang='lat' dir='ltr'><strong>iocosi,</strong></span> 
     </span>
     <span class='ocr_line' id='line_1_33' title="bbox 610 3227 2142 3309; baseline 0 -23"><span class='ocrx_word' id='word_1_211' title='bbox 610 3227 890 3289; x_wconf 90' lang='lat' dir='ltr'><strong>Sedatum</strong></span> <span class='ocrx_word' id='word_1_212' title='bbox 938 3227 1191 3309; x_wconf 81' lang='lat' dir='ltr'><strong>celereS,</strong></span> <span class='ocrx_word' id='word_1_213' title='bbox 1237 3228 1448 3307; x_wconf 86' lang='lat' dir='ltr'><strong>agilem</strong></span> <span class='ocrx_word' id='word_1_214' title='bbox 1493 3246 1833 3306; x_wconf 92' lang='lat' dir='ltr'><strong>nauumque</strong></span> <span class='ocrx_word' id='word_1_215' title='bbox 1882 3228 2142 3307; x_wconf 90' lang='lat' dir='ltr'><strong>remissi,</strong></span> 
     </span>
    </p>
   </div>
   <div class='ocr_carea' id='block_1_3' title="bbox 289 3342 718 3349">
    <p class='ocr_par' dir='ltr' id='par_1_6' title="bbox 289 3342 718 3349">
     <span class='ocr_line' id='line_1_34' title="bbox 289 3342 718 3349; baseline 0 1651"><span class='ocrx_word' id='word_1_216' title='bbox 289 3342 718 3349; x_wconf 95' lang='lat' dir='ltr'><strong> </strong></span> 
     </span>
    </p>
   </div>
   <div class='ocr_carea' id='block_1_4' title="bbox 448 3400 2012 3482">
    <p class='ocr_par' dir='ltr' id='par_1_7' title="bbox 448 3400 2012 3482">
     <span class='ocr_line' id='line_1_35' title="bbox 448 3400 2012 3482; baseline 0 -18"><span class='ocrx_word' id='word_1_217' title='bbox 448 3416 514 3464; x_wconf 82' lang='lat'><strong>91</strong></span> <span class='ocrx_word' id='word_1_218' title='bbox 608 3400 913 3482; x_wconf 89' lang='lat' dir='ltr'><strong>†Potores</strong></span> <span class='ocrx_word' id='word_1_219' title='bbox 959 3403 1147 3464; x_wconf 91' lang='lat' dir='ltr'><strong>hihuli</strong></span> <span class='ocrx_word' id='word_1_220' title='bbox 1195 3405 1385 3465; x_wconf 90' lang='lat' dir='ltr'><strong>media</strong></span> <span class='ocrx_word' id='word_1_221' title='bbox 1432 3405 1504 3465; x_wconf 91' lang='lat' dir='ltr'><strong>de</strong></span> <span class='ocrx_word' id='word_1_222' title='bbox 1553 3412 1727 3466; x_wconf 89' lang='lat' dir='ltr'><strong>nocte</strong></span> <span class='ocrx_word' id='word_1_223' title='bbox 1775 3403 2012 3464; x_wconf 90' lang='lat' dir='ltr'><strong>Falerni</strong></span> 
     </span>
    </p>
   </div>
   <div class='ocr_carea' id='block_1_5' title="bbox 281 3527 714 3536">
    <p class='ocr_par' dir='ltr' id='par_1_8' title="bbox 281 3527 714 3536">
     <span class='ocr_line' id='line_1_36' title="bbox 281 3527 714 3536; baseline 0 1464"><span class='ocrx_word' id='word_1_224' title='bbox 281 3527 714 3536; x_wconf 95' lang='lat' dir='ltr'><strong> </strong></span> 
     </span>
    </p>
   </div>
   <div class='ocr_carea' id='block_1_6' title="bbox 812 3529 2039 3667">
    <p class='ocr_par' dir='ltr' id='par_1_9' title="bbox 812 3529 2039 3667">
     <span class='ocr_line' id='line_1_37' title="bbox 812 3529 2039 3667; baseline 0.001 -25"><span class='ocrx_word' id='word_1_225' title='bbox 812 3529 1832 3667; x_wconf 53' lang='lat' dir='ltr'><strong>231&#39;(Aa)vaaRHmwfl&#39;fflfflzew&#39;</strong></span> <span class='ocrx_word' id='word_1_226' title='bbox 1842 3575 2039 3665; x_wconf 56' lang='grc' dir='ltr'><strong>(πων</strong></span> 
     </span>
    </p>
   </div>
   <div class='ocr_carea' id='block_1_7' title="bbox 277 3696 2580 4549">
    <p class='ocr_par' dir='ltr' id='par_1_10' title="bbox 431 3696 2576 3768">
     <span class='ocr_line' id='line_1_38' title="bbox 431 3696 2576 3768; baseline 0 -14"><span class='ocrx_word' id='word_1_227' title='bbox 431 3706 498 3754; x_wconf 88' lang='lat'><strong>61</strong></span> <span class='ocrx_word' id='word_1_228' title='bbox 536 3699 785 3754; x_wconf 76' lang='lat' dir='ltr'><strong>Partitus</strong></span> <span class='ocrx_word' id='word_1_229' title='bbox 812 3719 847 3753; x_wconf 77' lang='lat' dir='ltr'><em>v</em></span> <span class='ocrx_word' id='word_1_230' title='bbox 865 3704 929 3753; x_wconf 77' lang='lat' dir='ltr'><strong>ut</strong></span> <span class='ocrx_word' id='word_1_231' title='bbox 947 3701 1063 3754; x_wconf 76' lang='lat' dir='ltr'><strong>uid.</strong></span> <span class='ocrx_word' id='word_1_232' title='bbox 1083 3701 1151 3755; x_wconf 80' lang='lat' dir='ltr'><strong>dz</strong></span> <span class='ocrx_word' id='word_1_233' title='bbox 1221 3698 1470 3754; x_wconf 72' lang='lat' dir='ltr'><strong>Partitur</strong></span> <span class='ocrx_word' id='word_1_234' title='bbox 1497 3704 1611 3754; x_wconf 82' lang='lat' dir='ltr'><strong>cett.</strong></span> <span class='ocrx_word' id='word_1_235' title='bbox 1645 3716 1788 3753; x_wconf 77' lang='lat' dir='ltr'><strong>cons.</strong></span> <span class='ocrx_word' id='word_1_236' title='bbox 1822 3696 1983 3768; x_wconf 74' lang='lat' dir='ltr'><strong>Pph!</strong></span> <span class='ocrx_word' id='word_1_237' title='bbox 2126 3718 2181 3754; x_wconf 76' lang='lat' dir='ltr'><strong>u.</strong></span> <span class='ocrx_word' id='word_1_238' title='bbox 2214 3705 2280 3754; x_wconf 81' lang='lat'><strong>73</strong></span> <span class='ocrx_word' id='word_1_239' title='bbox 2309 3701 2523 3756; x_wconf 73' lang='lat' dir='ltr'><strong>excisus</strong></span> <span class='ocrx_word' id='word_1_240' title='bbox 2550 3720 2576 3754; x_wconf 84' lang='grc' dir='ltr'><em>ε</em></span> 
     </span>
    </p>

    <p class='ocr_par' dir='ltr' id='par_1_11' title="bbox 277 3764 2580 4549">
     <span class='ocr_line' id='line_1_39' title="bbox 431 3764 2580 3857; baseline 0.001 -33"><span class='ocrx_word' id='word_1_241' title='bbox 431 3776 500 3825; x_wconf 78' lang='grc'><strong>74</strong></span> <span class='ocrx_word' id='word_1_242' title='bbox 544 3770 631 3825; x_wconf 87' lang='lat' dir='ltr'><strong>Ne</strong></span> <span class='ocrx_word' id='word_1_243' title='bbox 678 3770 932 3825; x_wconf 84' lang='lat' dir='ltr'><strong>dominus</strong></span> <span class='ocrx_word' id='word_1_244' title='bbox 976 3771 1138 3840; x_wconf 86' lang='lat' dir='ltr'><strong>pueri</strong></span> <span class='ocrx_word' id='word_1_245' title='bbox 1181 3769 1402 3839; x_wconf 82' lang='lat' dir='ltr'><strong>pulchri</strong></span> <span class='ocrx_word' id='word_1_246' title='bbox 1447 3764 1911 3857; x_wconf 61' lang='lat' dir='ltr'><strong>A&#39;yquFz&#39;zevz&#39;</strong></span> <span class='ocrx_word' id='word_1_247' title='bbox 1995 3771 2079 3825; x_wconf 86' lang='lat' dir='ltr'><strong>Ne</strong></span> <span class='ocrx_word' id='word_1_248' title='bbox 2125 3774 2288 3841; x_wconf 88' lang='lat' dir='ltr'><strong>pueri</strong></span> <span class='ocrx_word' id='word_1_249' title='bbox 2323 3771 2580 3826; x_wconf 78' lang='lat' dir='ltr'><strong>dominus</strong></span> 
     </span>
     <span class='ocr_line' id='line_1_40' title="bbox 280 3839 2578 3913; baseline 0 -17"><span class='ocrx_word' id='word_1_250' title='bbox 280 3841 512 3913; x_wconf 87' lang='lat' dir='ltr'><strong>pulchri</strong></span> <span class='ocrx_word' id='word_1_251' title='bbox 522 3842 614 3911; x_wconf 75' lang='lat' dir='ltr'><strong>Ey</strong></span> <span class='ocrx_word' id='word_1_252' title='bbox 666 3842 752 3896; x_wconf 87' lang='lat' dir='ltr'><strong>Ne</strong></span> <span class='ocrx_word' id='word_1_253' title='bbox 763 3841 921 3911; x_wconf 90' lang='lat' dir='ltr'><strong>pueri</strong></span> <span class='ocrx_word' id='word_1_254' title='bbox 932 3840 1080 3910; x_wconf 87' lang='lat' dir='ltr'><strong>(puri</strong></span> <span class='ocrx_word' id='word_1_255' title='bbox 1095 3842 1214 3908; x_wconf 82' lang='lat' dir='ltr'><em>Pf.)</em></span> <span class='ocrx_word' id='word_1_256' title='bbox 1225 3839 1436 3895; x_wconf 88' lang='lat' dir='ltr'><strong>domini</strong></span> <span class='ocrx_word' id='word_1_257' title='bbox 1449 3841 1590 3909; x_wconf 74' lang='lat' dir='ltr'><strong>Pph.</strong></span> <span class='ocrx_word' id='word_1_258' title='bbox 1655 3841 1742 3895; x_wconf 87' lang='lat' dir='ltr'><strong>Ne</strong></span> <span class='ocrx_word' id='word_1_259' title='bbox 1753 3841 1992 3904; x_wconf 72' lang='lat' dir='ltr'><strong>dominis</strong></span> <span class='ocrx_word' id='word_1_260' title='bbox 2002 3843 2163 3911; x_wconf 87' lang='lat' dir='ltr'><strong>pueri</strong></span> <span class='ocrx_word' id='word_1_261' title='bbox 2172 3841 2434 3911; x_wconf 85' lang='lat' dir='ltr'><strong>pulchriv</strong></span> <span class='ocrx_word' id='word_1_262' title='bbox 2493 3842 2578 3897; x_wconf 88' lang='lat' dir='ltr'><strong>Ne</strong></span> 
     </span>
     <span class='ocr_line' id='line_1_41' title="bbox 282 3911 2507 3982; baseline -0.001 -13"><span class='ocrx_word' id='word_1_263' title='bbox 282 3913 546 3969; x_wconf 82' lang='lat' dir='ltr'><strong>dominus</strong></span> <span class='ocrx_word' id='word_1_264' title='bbox 564 3912 786 3981; x_wconf 87' lang='lat' dir='ltr'><strong>pulchri</strong></span> <span class='ocrx_word' id='word_1_265' title='bbox 802 3912 962 3981; x_wconf 87' lang='lat' dir='ltr'><strong>pueri</strong></span> <span class='ocrx_word' id='word_1_266' title='bbox 979 3914 1018 3966; x_wconf 80' lang='lat' dir='ltr'><strong>d</strong></span> <span class='ocrx_word' id='word_1_267' title='bbox 1151 3918 1217 3966; x_wconf 83' lang='lat'><strong>81</strong></span> <span class='ocrx_word' id='word_1_268' title='bbox 1250 3911 1423 3966; x_wconf 84' lang='lat' dir='ltr'><strong>fidens</strong></span> <span class='ocrx_word' id='word_1_269' title='bbox 1442 3913 1527 3966; x_wconf 74' lang='lat' dir='ltr'><strong>est</strong></span> <span class='ocrx_word' id='word_1_270' title='bbox 1546 3911 1703 3967; x_wconf 72' lang='lat' dir='ltr'><strong>dez</strong></span> <span class='ocrx_word' id='word_1_271' title='bbox 1763 3912 2067 3968; x_wconf 75' lang='lat' dir='ltr'><strong>findentem</strong></span> <span class='ocrx_word' id='word_1_272' title='bbox 2087 3931 2123 3967; x_wconf 88' lang='lat' dir='ltr'><strong>a</strong></span> <span class='ocrx_word' id='word_1_273' title='bbox 2184 3912 2422 3967; x_wconf 75' lang='lat' dir='ltr'><strong>fidenter</strong></span> <span class='ocrx_word' id='word_1_274' title='bbox 2437 3929 2507 3982; x_wconf 77' lang='lat' dir='ltr'><strong>vy</strong></span> 
     </span>
     <span class='ocr_line' id='line_1_42' title="bbox 281 3977 2579 4071; baseline 0 -32"><span class='ocrx_word' id='word_1_275' title='bbox 281 3984 554 4039; x_wconf 76' lang='lat' dir='ltr'><strong>fidentem</strong></span> <span class='ocrx_word' id='word_1_276' title='bbox 581 3989 697 4038; x_wconf 79' lang='lat' dir='ltr'><strong>cett.</strong></span> <span class='ocrx_word' id='word_1_277' title='bbox 833 3989 900 4037; x_wconf 81' lang='lat'><strong>82</strong></span> <span class='ocrx_word' id='word_1_278' title='bbox 932 3983 1132 4051; x_wconf 85' lang='lat' dir='ltr'><strong>ecquid</strong></span> <span class='ocrx_word' id='word_1_279' title='bbox 1159 3977 1446 4051; x_wconf 73' lang='lat' dir='ltr'><strong>avadzn‘</strong></span> <span class='ocrx_word' id='word_1_280' title='bbox 1472 3982 1567 4050; x_wconf 81' lang='lat' dir='ltr'><strong>Pf.</strong></span> <span class='ocrx_word' id='word_1_281' title='bbox 1595 3984 1755 4052; x_wconf 82' lang='lat' dir='ltr'><strong>9l088.</strong></span> <span class='ocrx_word' id='word_1_282' title='bbox 1779 3987 1833 4037; x_wconf 91' lang='grc' dir='ltr'><em>Γ</em></span> <span class='ocrx_word' id='word_1_283' title='bbox 1900 3984 2062 4052; x_wconf 86' lang='lat' dir='ltr'><strong>ecqui</strong></span> <span class='ocrx_word' id='word_1_284' title='bbox 2081 3986 2112 4036; x_wconf 82' lang='grc' dir='ltr'><strong><em>λ</em></strong></span> <span class='ocrx_word' id='word_1_285' title='bbox 2186 3999 2249 4037; x_wconf 88' lang='lat' dir='ltr'><strong>ec</strong></span> <span class='ocrx_word' id='word_1_286' title='bbox 2278 3982 2408 4071; x_wconf 75' lang='lat' dir='ltr'><strong>quic</strong></span> <span class='ocrx_word' id='word_1_287' title='bbox 2436 3983 2458 4036; x_wconf 80' lang='lat' dir='ltr'><strong>l</strong></span> <span class='ocrx_word' id='word_1_288' title='bbox 2518 3985 2579 4039; x_wconf 76' lang='lat' dir='ltr'><strong>et</strong></span> 
     </span>
     <span class='ocr_line' id='line_1_43' title="bbox 279 4049 2506 4126; baseline -0.001 -16"><span class='ocrx_word' id='word_1_289' title='bbox 279 4055 422 4126; x_wconf 89' lang='lat' dir='ltr'><strong>quid</strong></span> <span class='ocrx_word' id='word_1_290' title='bbox 440 4054 709 4123; x_wconf 68' lang='lat' dir='ltr'><strong>AEyRev</strong></span> <span class='ocrx_word' id='word_1_291' title='bbox 733 4056 872 4123; x_wconf 75' lang='lat' dir='ltr'><strong>Pph.</strong></span> <span class='ocrx_word' id='word_1_292' title='bbox 1009 4060 1078 4109; x_wconf 84' lang='lat'><strong>86</strong></span> <span class='ocrx_word' id='word_1_293' title='bbox 1105 4052 1382 4122; x_wconf 76' lang='lat' dir='ltr'><strong>inexperti</strong></span> <span class='ocrx_word' id='word_1_294' title='bbox 1403 4049 1561 4122; x_wconf 73' lang='lat' dir='ltr'><strong>Pph!</strong></span> <span class='ocrx_word' id='word_1_295' title='bbox 1698 4059 1766 4109; x_wconf 80' lang='lat'><strong>87</strong></span> <span class='ocrx_word' id='word_1_296' title='bbox 1796 4057 2010 4110; x_wconf 75' lang='lat' dir='ltr'><strong>metuet</strong></span> <span class='ocrx_word' id='word_1_297' title='bbox 2033 4053 2299 4108; x_wconf 72' lang='lat' dir='ltr'><strong><em>vEROEz</em></strong></span> <span class='ocrx_word' id='word_1_298' title='bbox 2316 4049 2506 4108; x_wconf 74' lang='lat' dir='ltr'><strong>dzsu&#39;v</strong></span> 
     </span>
     <span class='ocr_line' id='line_1_44' title="bbox 277 4123 2574 4196; baseline -0 -15"><span class='ocrx_word' id='word_1_299' title='bbox 277 4127 490 4182; x_wconf 72' lang='lat' dir='ltr'><strong>metuit</strong></span> <span class='ocrx_word' id='word_1_300' title='bbox 506 4123 651 4196; x_wconf 72' lang='lat' dir='ltr'><strong>A&#39;yy</strong></span> <span class='ocrx_word' id='word_1_301' title='bbox 793 4132 860 4180; x_wconf 88' lang='lat'><strong>91</strong></span> <span class='ocrx_word' id='word_1_302' title='bbox 880 4141 955 4194; x_wconf 77' lang='lat' dir='ltr'><strong>sq.</strong></span> <span class='ocrx_word' id='word_1_303' title='bbox 976 4124 1221 4179; x_wconf 87' lang='lat' dir='ltr'><strong>bibuli—</strong></span> <span class='ocrx_word' id='word_1_304' title='bbox 1230 4124 1467 4179; x_wconf 75' lang='lat' dir='ltr'><strong>oderunt</strong></span> <span class='ocrx_word' id='word_1_305' title='bbox 1483 4126 1584 4180; x_wconf 82' lang='lat' dir='ltr'><strong>del.</strong></span> <span class='ocrx_word' id='word_1_306' title='bbox 1608 4126 1887 4180; x_wconf 78' lang='lat' dir='ltr'><strong>Pottierus</strong></span> <span class='ocrx_word' id='word_1_307' title='bbox 2019 4126 2083 4179; x_wconf 77' lang='lat' dir='ltr'><strong>in</strong></span> <span class='ocrx_word' id='word_1_308' title='bbox 2099 4142 2236 4195; x_wconf 75' lang='lat' dir='ltr'><strong>ypr.</strong></span> <span class='ocrx_word' id='word_1_309' title='bbox 2256 4142 2353 4180; x_wconf 73' lang='lat' dir='ltr'><strong>uu.</strong></span> <span class='ocrx_word' id='word_1_310' title='bbox 2377 4132 2462 4180; x_wconf 89' lang='lat'><strong>89.</strong></span> <span class='ocrx_word' id='word_1_311' title='bbox 2489 4132 2574 4182; x_wconf 89' lang='grc'><strong>90.</strong></span> 
     </span>
     <span class='ocr_line' id='line_1_45' title="bbox 280 4197 2578 4263; baseline -0 -10"><span class='ocrx_word' id='word_1_312' title='bbox 280 4204 354 4253; x_wconf 79' lang='grc'><strong>92</strong></span> <span class='ocrx_word' id='word_1_313' title='bbox 399 4198 481 4251; x_wconf 76' lang='lat' dir='ltr'><strong>eie</strong></span> <span class='ocrx_word' id='word_1_314' title='bbox 524 4197 773 4252; x_wconf 77' lang='lat' dir='ltr'><strong>ordinati</strong></span> <span class='ocrx_word' id='word_1_315' title='bbox 816 4202 1000 4251; x_wconf 76' lang='lat' dir='ltr'><strong>erant:</strong></span> <span class='ocrx_word' id='word_1_316' title='bbox 1046 4203 1131 4253; x_wconf 91' lang='grc'><strong>90.</strong></span> <span class='ocrx_word' id='word_1_317' title='bbox 1170 4202 1255 4250; x_wconf 82' lang='grc'><strong>92.</strong></span> <span class='ocrx_word' id='word_1_318' title='bbox 1294 4201 1388 4263; x_wconf 79' lang='lat'><strong>893</strong></span> <span class='ocrx_word' id='word_1_319' title='bbox 1436 4200 1573 4251; x_wconf 73' lang='lat' dir='ltr'><strong>corr‘.</strong></span> <span class='ocrx_word' id='word_1_320' title='bbox 1621 4202 1685 4251; x_wconf 79' lang='lat' dir='ltr'><strong>ut</strong></span> <span class='ocrx_word' id='word_1_321' title='bbox 1727 4198 1950 4252; x_wconf 78' lang='lat' dir='ltr'><strong>uidetur</strong></span> <span class='ocrx_word' id='word_1_322' title='bbox 1993 4197 2109 4251; x_wconf 84' lang='lat' dir='ltr'><strong>ead.</strong></span> <span class='ocrx_word' id='word_1_323' title='bbox 2156 4213 2327 4250; x_wconf 77' lang='lat' dir='ltr'><strong>manu</strong></span> <span class='ocrx_word' id='word_1_324' title='bbox 2363 4197 2578 4252; x_wconf 73' lang='lat' dir='ltr'><strong>additis</strong></span> 
     </span>
     <span class='ocr_line' id='line_1_46' title="bbox 280 4268 2578 4353; baseline -0 -29"><span class='ocrx_word' id='word_1_325' title='bbox 280 4269 485 4324; x_wconf 74' lang='lat' dir='ltr'><strong>litteris</strong></span> <span class='ocrx_word' id='word_1_326' title='bbox 520 4268 557 4322; x_wconf 93' lang='lat' dir='ltr'><strong>b</strong></span> <span class='ocrx_word' id='word_1_327' title='bbox 578 4284 612 4321; x_wconf 84' lang='lat' dir='ltr'><strong>a.</strong></span> <span class='ocrx_word' id='word_1_328' title='bbox 754 4285 810 4321; x_wconf 75' lang='lat' dir='ltr'><strong>u.</strong></span> <span class='ocrx_word' id='word_1_329' title='bbox 841 4274 908 4322; x_wconf 92' lang='grc'><strong>91</strong></span> <span class='ocrx_word' id='word_1_330' title='bbox 936 4269 1097 4323; x_wconf 73' lang='lat' dir='ltr'><strong>omia.</strong></span> <span class='ocrx_word' id='word_1_331' title='bbox 1136 4284 1274 4322; x_wconf 76' lang='lat' dir='ltr'><strong>omn.</strong></span> <span class='ocrx_word' id='word_1_332' title='bbox 1288 4287 1309 4333; x_wconf 90' lang='lat'><em>;</em></span> <span class='ocrx_word' id='word_1_333' title='bbox 1345 4268 1595 4322; x_wconf 77' lang='lat' dir='ltr'><strong>eaehibent</strong></span> <span class='ocrx_word' id='word_1_334' title='bbox 1632 4286 1668 4323; x_wconf 89' lang='lat' dir='ltr'><strong><em>a</em></strong></span> <span class='ocrx_word' id='word_1_335' title='bbox 1694 4269 1887 4337; x_wconf 77' lang='lat' dir='ltr'><strong>prima</strong></span> <span class='ocrx_word' id='word_1_336' title='bbox 1921 4284 2094 4322; x_wconf 76' lang='lat' dir='ltr'><strong>manu</strong></span> <span class='ocrx_word' id='word_1_337' title='bbox 2129 4270 2503 4323; x_wconf 75' lang='lat' dir='ltr'><strong>tantummodo</strong></span> <span class='ocrx_word' id='word_1_338' title='bbox 2539 4288 2578 4353; x_wconf 72' lang='lat' dir='ltr'><strong><em>y</em></strong></span> 
     </span>
     <span class='ocr_line' id='line_1_47' title="bbox 284 4338 2574 4411; baseline 0 -17"><span class='ocrx_word' id='word_1_339' title='bbox 284 4340 347 4411; x_wconf 88' lang='grc' dir='ltr'><strong>[σ</strong></span> <span class='ocrx_word' id='word_1_340' title='bbox 377 4340 678 4393; x_wconf 75' lang='lat' dir='ltr'><strong>Parisinus</strong></span> <span class='ocrx_word' id='word_1_341' title='bbox 713 4345 853 4393; x_wconf 85' lang='lat'>8216</span> <span class='ocrx_word' id='word_1_342' title='bbox 896 4338 1169 4408; x_wconf 78' lang='lat' dir='ltr'><strong>Petropol.</strong></span> <span class='ocrx_word' id='word_1_343' title='bbox 1210 4338 1446 4409; x_wconf 69' lang='lat' dir='ltr'><strong>Valent]</strong></span> <span class='ocrx_word' id='word_1_344' title='bbox 1484 4340 1755 4409; x_wconf 73' lang='lat' dir='ltr'><strong>florileyia</strong></span> <span class='ocrx_word' id='word_1_345' title='bbox 1780 4339 2241 4394; x_wconf 74' lang='lat' dir='ltr'><strong>Nostradameme</strong></span> <span class='ocrx_word' id='word_1_346' title='bbox 2277 4344 2327 4394; x_wconf 80' lang='lat' dir='ltr'><strong>et</strong></span> <span class='ocrx_word' id='word_1_347' title='bbox 2357 4340 2574 4396; x_wconf 71' lang='lat' dir='ltr'><strong>Parice-</strong></span> 
     </span>
     <span class='ocr_line' id='line_1_48' title="bbox 278 4409 2575 4468; baseline 0.001 -3"><span class='ocrx_word' id='word_1_348' title='bbox 278 4427 421 4465; x_wconf 69' lang='lat' dir='ltr'><strong>›num</strong></span> <span class='ocrx_word' id='word_1_349' title='bbox 464 4415 636 4465; x_wconf 71' lang='grc' dir='ltr'><strong>8818ει</strong></span> <span class='ocrx_word' id='word_1_350' title='bbox 682 4412 878 4465; x_wconf 77' lang='lat' dir='ltr'><strong>laudat</strong></span> <span class='ocrx_word' id='word_1_351' title='bbox 921 4410 1069 4464; x_wconf 77' lang='lat' dir='ltr'><strong>hunc</strong></span> <span class='ocrx_word' id='word_1_352' title='bbox 1113 4426 1328 4464; x_wconf 78' lang='lat' dir='ltr'><strong>uersum</strong></span> <span class='ocrx_word' id='word_1_353' title='bbox 1378 4416 1441 4463; x_wconf 79' lang='lat' dir='ltr'><strong>ut</strong></span> <span class='ocrx_word' id='word_1_354' title='bbox 1477 4410 1857 4465; x_wconf 77' lang='lat' dir='ltr'><strong>Horatianum</strong></span> <span class='ocrx_word' id='word_1_355' title='bbox 1892 4409 2094 4464; x_wconf 83' lang='lat' dir='ltr'><strong>Nestor</strong></span> <span class='ocrx_word' id='word_1_356' title='bbox 2127 4410 2498 4467; x_wconf 77' lang='lat' dir='ltr'><strong>Nouariensia</strong></span> <span class='ocrx_word' id='word_1_357' title='bbox 2531 4429 2575 4468; x_wconf 84' lang='lat'><strong>8.</strong></span> 
     </span>
     <span class='ocr_line' id='line_1_49' title="bbox 281 4479 2577 4549; baseline 0.001 -12"><span class='ocrx_word' id='word_1_358' title='bbox 281 4499 342 4537; x_wconf 80' lang='lat' dir='ltr'><strong>u.</strong></span> <span class='ocrx_word' id='word_1_359' title='bbox 381 4486 561 4549; x_wconf 75' lang='lat' dir='ltr'><strong>tepor,·</strong></span> <span class='ocrx_word' id='word_1_360' title='bbox 596 4482 725 4537; x_wconf 84' lang='lat' dir='ltr'><strong>item</strong></span> <span class='ocrx_word' id='word_1_361' title='bbox 757 4482 957 4536; x_wconf 68' lang='lat' dir='ltr'><strong>habent</strong></span> <span class='ocrx_word' id='word_1_362' title='bbox 990 4482 1041 4535; x_wconf 76' lang='lat' dir='ltr'><strong>h.</strong></span> <span class='ocrx_word' id='word_1_363' title='bbox 1080 4498 1135 4536; x_wconf 82' lang='lat' dir='ltr'><strong>u.</strong></span> <span class='ocrx_word' id='word_1_364' title='bbox 1165 4479 1518 4537; x_wconf 67' lang='lat' dir='ltr'><strong>Hildebertus</strong></span> <span class='ocrx_word' id='word_1_365' title='bbox 1553 4487 1604 4536; x_wconf 85' lang='lat' dir='ltr'><strong>et</strong></span> <span class='ocrx_word' id='word_1_366' title='bbox 1642 4482 1961 4537; x_wconf 74' lang='lat' dir='ltr'><strong>Vincentius</strong></span> <span class='ocrx_word' id='word_1_367' title='bbox 1967 4501 1989 4548; x_wconf 92' lang='lat'><em>;</em></span> <span class='ocrx_word' id='word_1_368' title='bbox 2024 4483 2344 4539; x_wconf 73' lang='lat' dir='ltr'><strong>recentiores</strong></span> <span class='ocrx_word' id='word_1_369' title='bbox 2377 4500 2577 4540; x_wconf 77' lang='lat' dir='ltr'><strong>manus</strong></span> 
     </span>
    </p>
   </div>
  </div>
 </body>
</html>
