3225 5000
1259 310 1387 356 ΜΒ.
1434 311 1477 356 1.
1525 308 1736 356 30—34
2559 291 2647 357 25

672 457 887 519 Lesbio
932 459 1192 536 primum
1239 456 1535 518 modulate
1585 458 1732 536 ciui,

674 548 815 629 Qui,
862 547 1030 606 ferox
1075 545 1252 628 bello,
1304 555 1499 607 tamen
1545 548 1704 606 inter
1751 563 1937 625 arma,

677 637 817 697 Siue
865 639 1137 696 iactatam
1184 636 1462 714 religarat
1507 635 1626 695 udo

550 739 583 787 8
852 725 1053 785 Litore
1100 743 1341 806 nauem,

673 814 953 875 Liberum
1001 823 1062 874 et
1106 813 1303 875 Musas
1350 813 1759 892 Veneremque
1808 821 1868 873 et
1914 813 2000 873 illi

675 904 924 983 Semper
969 902 1316 964 haerentem
1361 921 1614 982 puerum
1664 901 1912 963 canebat

674 993 749 1053 Et
794 992 1019 1072 Lycum
1064 995 1250 1073 nigris
1297 992 1486 1052 oculis
1533 995 1824 1071 nigroque

519 1095 581 1142 12
853 1081 1029 1143 Crine
1078 1082 1378 1142 decoruin.
1799 1086 1803 1089 *

672 1170 721 1231 Ο
770 1171 954 1232 decus
1000 1171 1226 1233 Phoebi
1273 1179 1334 1232 et
1379 1169 1629 1250 dapibus
1678 1172 1942 1250 supremi

673 1261 849 1321 Grata
895 1261 1132 1321 testudo
1179 1260 1367 1338 IouiS‚
1413 1278 1448 1319 o
1495 1259 1767 1320 laborum

670 1349 852 1410 Dulce
901 1350 1186 1431 lenimen,
1231 1349 1376 1410 mihi
1423 1367 1679 1428 cumque
1727 1348 1889 1410 salue

515 1452 579 1500 16
849 1439 980 1500 Rite
1028 1442 1283 1500 uocanti.

1372 1708 1616 1768 XXXIII

672 1834 830 1915 Albi,
878 1853 949 1894 ne
999 1833 1196 1894 doleas
1244 1834 1377 1914 plus
1425 1836 1606 1894 nimio
1657 1852 1884 1894 memor

671 1925 918 1985 Immitis
966 1922 1273 2006 Glycerae,
1321 1943 1438 1984 neu
1485 1922 1839 1983 miserabilis

672 2015 964 2074 Decantes
1011 2012 1235 2094 elegos,
1282 2032 1391 2073 cur
1437 2013 1544 2073 tibi
1590 2014 1789 2072 iunior

549 2114 582 2162 4
761 2101 944 2163 Laesa
989 2104 1320 2181 praeniteat
1366 2103 1496 2162 fide.

671 2193 971 2270 Insignem
1018 2193 1183 2251 tenui
1229 2193 1425 2251 fronte
1473 2189 1758 2270 Lycorida

649 2266 809 2360 'Cyri
857 2287 1046 2340 torret
1093 2298 1283 2361 amor,
1331 2280 1520 2360 Cyrus
1567 2282 1629 2340 in
1676 2297 1945 2358 asperam

671 2370 940 2431 Declinat
985 2369 1279 2431 Pholoen:
1327 2369 1429 2430 sed
1478 2372 1647 2449 prius
1692 2367 1898 2447 Apulis

548 2472 580 2520 8
760 2459 1089 2539 Iungentur
1137 2477 1381 2539 capreae
1428 2459 1612 2540 lupiS,

575 2612 577 2618 ,
674 2551 863 2622 Quam
910 2551 1070 2628 turpi
1118 2548 1337 2609 Pholoe
1385 2559 1595 2629 peccet
1642 2548 1927 2609 adultero.

675 2640 772 2699 Sic
820 2640 1019 2698 uisum
1065 2637 1308 2720 Veneri,
1355 2641 1451 2699 cui
1497 2639 1692 2718 placet
1737 2640 1980 2717 imparis

671 2729 915 2789 Formas
962 2736 1138 2807 atque
1188 2730 1414 2788 animos
1462 2728 1572 2789 sub
1620 2730 1756 2807 iuga
1803 2746 1984 2794 aenea

406 2883 411 2888 ,
517 2830 581 2877 12
765 2817 956 2877 Saeuo
1005 2819 1241 2892 mittere
1289 2836 1424 2878 cum
1472 2820 1622 2878 ioco.

671 2907 871 2986 Ipsum
920 2924 1013 2966 me
1061 2905 1270 2966 melior
1317 2925 1453 2967 cum
1499 2915 1735 2987 peteret
1781 2904 1978 2966 Venus

672 2996 850 3056 Grata
896 2987 1153 3056 detinuit
1198 2996 1483 3075 compede
1531 2995 1775 3075 Myrtale

674 3084 1001 3167 Libertina,
1049 3086 1218 3145 fretis
1265 3087 1457 3145 acrior
1504 3084 1757 3145 Hadriae

517 3186 582 3235 16
764 3173 1082 3235 Curuantis
1131 3172 1407 3234 Calabros
1455 3176 1639 3234 sinus,

1360 3442 1633 3504 XXXHII

671 3551 894 3611 Parcus
941 3550 1191 3611 deorum
1237 3550 1432 3611 cultor
1479 3559 1539 3612 et
1583 3550 1934 3632 infrequens

672 3639 1028 3701 Insanientis
1075 3639 1218 3701 dum
1264 3642 1585 3720 sapientiae

763 3727 1082 3790 Consultus
1130 3748 1294 3811 erro,
1342 3748 1501 3791 nunc
1548 3737 1879 3790 retrorsum

548 3831 581 3878 4
849 3818 987 3879 Vela
1034 3818 1175 3878 dare
1223 3827 1399 3898 atque
1447 3822 1666 3879 iterare
1715 3838 1929 3880 cursus

581 3989 2408 4082 Α’(Αα)γΒ’(ΒΟ)υ’(υτ>ῃῑ(φψ)λ’(λι)ὅφψχπωαψυ)

494 4123 527 4171 8
554 4115 745 4169 nanim
769 4111 898 4169 BD'
957 4133 1161 4170 nauem
1185 4122 1300 4171 cett.
1416 4122 1479 4171 15
1509 4116 1651 4171 mihi
1679 4117 1871 4186 (michi
1892 4119 1957 4187 φ)
1989 4133 2227 4185 cumque
2256 4133 2397 4170 omn.
2420 4111 2641 4183 Porph!

346 4182 527 4243 Acr.'“
574 4186 966 4257 medicumque
1004 4188 1396 4242 Lachmannus
1467 4187 1609 4242 mihi
1644 4191 1710 4243 tu
1745 4206 1921 4258 usque
1958 4189 2380 4242 Herwerdenius

496 4259 518 4311 I
557 4264 639 4313 33.
697 4260 795 4311 hoc
822 4275 1040 4313 carmen
1066 4260 1248 4313 omisit
1275 4260 1329 4312 B
1467 4266 1499 4314 6
1529 4259 1661 4330 Cyri
1686 4263 1743 4315 te
1772 4263 1951 4315 torret
1976 4256 2132 4314 Fci'w
2267 4265 2295 4312 7
2326 4257 2589 4328 pholoem
2617 4263 2646 4313 λ

495 4337 587 4383 9-
604 4336 665 4383 11
697 4329 1058 4399 peccet—cui
1085 4334 1233 4385 omis.
1248 4348 1380 4399 apr.
1490 4349 1585 4385 uu.
1609 4337 1642 4386 9
1662 4348 1737 4403 sq.
1768 4333 1917 4387 omis.
1938 4327 2019 4385 κδ’
2130 4347 2183 4384 u.
2211 4336 2274 4386 11
2296 4332 2384 4385 hic
2402 4331 2553 4403 omis.
2574 4330 2647 4399 R,

349 4401 573 4456 addidit
606 4406 729 4469 post
764 4418 810 4455 c.
850 4402 874 4453 I
913 4407 998 4469 34,
1040 4407 1105 4455 15

464 4473 520 4545 δΙ
556 4478 642 4528 34.
715 4489 934 4528 coermen
970 4474 1152 4528 omisit
1186 4474 1241 4526 B
