3225 5000
632 252 766 314 250
1664 252 1896 305 INDEX

1570 410 1999 467 SERMONVM.

633 516 1076 573 Ambubaiarum
1113 517 1397 588 conlegia,
1435 518 1760 588 pharmaco·
1820 518 1971 574 Olim
2006 521 2233 573 truncus
2271 535 2423 572 cram
2450 519 2704 587 ficulnus,
2741 519 2957 574 inutile

705 589 1054 658 polae1,2.
1892 590 2193 659 lignumI,
2235 597 2286 645 8.

632 661 930 732 Egressum
968 676 1175 730 magna
1203 677 1293 714 me
1323 660 1544 730 accepit
1572 659 1761 715 Aricia
1820 661 2090 716 Omnibus
2119 662 2225 716 hoc
2254 661 2455 734 uitium
2486 664 2571 716 est
2599 659 2954 729 cantoribus,

703 733 887 787 Roma
921 732 974 800 Ι,
1013 736 1061 785 5.
1888 733 2035 786 inter
2072 731 2281 787 amicos
2318 733 2371 800 I,
2408 740 2460 788 3.

631 802 866 872 Eupolis
952 805 1120 872 atque
1205 802 1462 857 Cratinus
1544 803 1759 858 Aristo·
1817 802 2121 873 Proscripti
2166 803 2336 874 Regis
2384 803 2574 872 Rupili
2620 822 2723 874 pus
2772 806 2952 873 atque

702 875 1027 943 phanesque
1066 876 1267 943 poetae
1307 873 1356 942 I,
1394 879 1444 929 4.
1888 891 2164 929 uenenum
2200 875 2253 943 Ι,
2294 881 2340 929 7.

630 945 752 999 Hoc
775 944 1164 1000 eratinuotis:
1186 945 1383 999 modus
1404 945 1527 1015 agri
1546 945 1761 1000 nonita
1819 946 1972 1011 Quae
2028 945 2207 1000 uirtus
2254 941 2314 1000 et
2358 947 2593 1015 quanta,
2648 943 2809 1014 boni,
2866 945 2954 999 sit

703 1033 939 1084 magnus
975 1016 1055 1085 ΙΙ,
1096 1022 1144 1070 6.
1847 1060 1852 1065 .
1890 1017 2078 1071 uiuere
2114 1034 2290 1086 paruo
2329 1018 2406 1086 ΙΙ,
2444 1024 2494 1072 2.

633 1087 751 1142 Hoc
790 1103 1038 1156 quoque,
1084 1085 1333 1155 Teresia,
1371 1088 1595 1156 praeter
1633 1105 1759 1142 nar·
1819 1087 1925 1154 Qui
1962 1088 2052 1156 fit,
2089 1087 2408 1156 Maecenas,
2446 1089 2510 1142 ut
2545 1104 2731 1156 nemo,
2771 1106 2949 1156 quam

702 1161 827 1213 rata
860 1157 1077 1226 petenti
1115 1157 1191 1226 ΙΙ,
1231 1164 1280 1212 5.
1888 1159 1996 1212 sibi
2034 1162 2241 1213 sortem
2279 1160 2330 1226 Ι,
2371 1166 2418 1213 1.

634 1228 964 1284 Iamdudum
1000 1229 1255 1284 ausculto
1294 1231 1353 1284 et
1389 1228 1616 1299 cupiens
1654 1230 1761 1284 tibi
1818 1229 1878 1284 Si
1920 1247 2047 1284 raro
2086 1230 2309 1300 scribes,
2346 1233 2411 1285 ut
2445 1231 2567 1285 toto
2604 1247 2715 1284 non
2741 1233 2948 1299 quater

705 1300 891 1354 dicere
931 1317 1120 1355 seruos
1159 1299 1240 1367 ΙΙ,
1281 1307 1330 1352 ’1.
1887 1318 2033 1355 anno
2072 1302 2150 1370 ΙΙ,
2187 1309 2237 1355 3.

633 1373 790 1426 Ibam
845 1372 988 1426 forte
1036 1371 1130 1424 uia
1176 1388 1359 1439 sacra,
1415 1371 1558 1426 sicut
1602 1389 1759 1427 meus
1818 1373 1959 1427 Sunt
1999 1371 2200 1441 quibus
2236 1372 2295 1426 in
2333 1374 2522 1426 satura
2548 1371 2743 1426 uidear
2771 1372 2944 1426 nimis

709 1445 796 1497 est
832 1459 953 1496 mos
991 1442 1043 1509 I,
1083 1449 1131 1498 9.
1888 1460 2017 1498 acer
2055 1447 2114 1498 et
2150 1443 2299 1497 ultra
2335 1444 2411 1512 Il,
2456 1449 2503 1496 1.

634 1515 851 1582 Nempe
866 1512 1240 1581 incomposito
1255 1512 1371 1567 dixi
1387 1514 1759 1583 pedecurrere
1821 1515 1975 1568 Vnde
2015 1516 2071 1568 et
2108 1531 2219 1582 quo
2259 1514 2488 1568 Catius?
2527 1531 2637 1568 non
2674 1515 2761 1569 est
2797 1515 2942 1568 mihi

711 1602 902 1639 uersus
940 1585 999 1649 I,
1043 1589 1124 1641 10.
1888 1588 2111 1654 tempus
2148 1587 2338 1640 auenti
2376 1586 2455 1653 ΙΙ,
2494 1591 2546 1639 4.

635 1655 929 1723 Nonquia,
959 1627 1271 1723 Maecenas,
1300 1656 1587 1736 Lydorum
1608 1656 1759 1724 quic·
1818 1657 1896 1711 Vt
1932 1656 2223 1711 Nasidieni
2269 1657 2414 1710 iuuit
2459 1658 2515 1710 te
2565 1673 2702 1711 cena
2748 1656 2946 1711 beati?

706 1726 843 1796 quid
881 1725 1143 1781 Etruscos
1179 1728 1231 1794 Ι,
1275 1734 1322 1782 6.
1783 1709 1789 1797 Ι
1888 1728 1967 1796 ΙΙ,
2008 1735 2057 1783 8.

1514 1904 2054 1960 EPISTVLARVM.

634 2010 782 2079 Albi,
821 2013 1139 2073 nostrornm
1179 2029 1491 2066 sermonum
1522 2011 1758 2067 candide
1819 2010 2109 2080 Quamuis,
2151 2013 2387 2079 Scaeua,
2426 2011 2564 2065 satis
2600 2028 2699 2080 per
2734 2013 2792 2064 te
2830 2010 2946 2065 tibi

704 2083 876 2137 iudex
911 2083 963 2151 Ι,
1002 2089 1054 2136 4.
1889 2083 2129 2137 consulis
2170 2085 2228 2136 et
2261 2083 2369 2136 scis
2408 2084 2459 2151 Ι,
2501 2089 2581 2138 17.

610 2154 797 2209 ·Celso
844 2154 1089 2222 gaudere
1137 2155 1195 2207 et
1228 2153 1372 2207 bene
1410 2171 1526 2207 rem
1564 2171 1755 2222 gerere
1818 2153 1963 2218 Quid
2001 2154 2110 2209 tibi
2137 2155 2260 2208 uisa
2289 2152 2475 2221 chios,
2514 2152 2740 2220 Bullati,
2779 2155 2940 2207 nota-

703 2225 1058 2279 Albinouano
1098 2224 1150 2292 I,
1190 2229 1240 2277 8.
1887 2242 1995 2294 que
2033 2226 2277 2280 Lesbos?
2314 2227 2366 2293 I,
2408 2231 2490 2278 11.

636 2296 774 2350 Cum
810 2298 899 2350 tot
935 2296 1206 2350 sustineas
1245 2296 1302 2350 et
1338 2297 1498 2350 tanta
1528 2295 1758 2365 negotia
1817 2296 2072 2366 Quinque
2103 2296 2220 2351 dies
2248 2295 2355 2350 tibi
2383 2295 2669 2365 pollicitus
2697 2313 2787 2349 me
2812 2313 2940 2350 rure

708 2368 857 2422 solus
895 2366 973 2435 ΙΙ,
1013 2374 1060 2423 1.
1886 2368 2136 2422 futurum
2172 2369 2226 2436 Ι,
2268 2374 2315 2423 ’1.

633 2439 821 2513 Flore,
869 2438 1018 2493 bono
1056 2438 1319 2508 claroque
1357 2438 1538 2492 fidelis
1577 2438 1757 2493 amice
1816 2438 2134 2509 Septimius,
2150 2438 2364 2509 Claudi,
2378 2436 2640 2492 nimirum
2656 2437 2946 2507 intellegit

681 2509 915 2565 Neroni
953 2512 1028 2578 ΙΙ,
1068 2519 1114 2564 2.
1885 2529 2028 2565 unus
2065 2512 2113 2579 Ι,
2152 2518 2200 2565 9.

634 2581 930 2636 Fructibus
984 2581 1271 2651 Agrippae
1329 2580 1554 2646 Siculis,
1619 2599 1757 2649 quos
1815 2582 1872 2635 Si
1911 2583 2052 2636 bene
2089 2585 2146 2636 te
2183 2582 2340 2651 noui,
2378 2583 2616 2649 metues,
2654 2580 2942 2635 liberrime

707 2652 954 2721 colligis»,
992 2652 1103 2706 lcci
1139 2654 1191 2720 Ι,
1233 2659 1315 2705 12.
1884 2654 2032 2708 Lolli
2070 2655 2121 2724 I,
2164 2660 2245 2707 18.

636 2723 744 2777 Ιιι11
778 2724 960 2789 Flore,
997 2723 1200 2792 quibus
1237 2726 1512 2777 terrarum
1549 2723 1761 2778 militet
1815 2724 1875 2779 Si
1920 2727 2079 2793 potes
2107 2697 2404 2778 Archiacis
2449 2723 2688 2777 conuiua
2725 2740 2941 2777 recum-

706 2794 815 2848 oris
852 2794 902 2861 I,
942 2801 991 2847 3.
1885 2796 2013 2850 bere
2050 2796 2213 2850 lectis
2253 2798 2304 2864 1,
2342 2801 2391 2849 5.

634 2867 718 2919 Ne
740 2865 1100 2935 perconteris,
1128 2865 1332 2918 fundus
1354 2883 1523 2933 meuS,
1545 2865 1757 2935 optime
1815 2866 2040 2921 Troiani
2092 2866 2229 2921 belli
2276 2866 2631 2934 scriptorem,
2692 2864 2939 2919 Maxime

706 2936 931 3001 Quincti
967 2938 1019 3006 I,
1062 2944 1142 2991 16.
1884 2938 2057 3006 Lolli,
2098 2941 2149 3006 Ι,
2191 2946 2238 2991 2.

634 3008 730 3062 Nil
793 3007 1060 3062 admirari
1113 3024 1287 3077 prope
1342 3026 1430 3061 res
1488 3010 1576 3062 est
1630 3026 1757 3077 una,
1815 3010 2187 3063 Vortumnum
2225 3010 2555 3077 Ianumque,
2603 3007 2771 3075 liber,
2814 3024 2941 3076 spe·

703 3079 927 3132 Numici
965 3080 1016 3146 I,
1056 3085 1104 3133 6.
1884 3083 2038 3134 ctare
2074 3080 2282 3139 uideris
2320 3081 2371 3147 Ι,
2411 3085 2493 3134 20.

633 3150 827 3204 Prima
864 3150 1013 3204 dicte
1051 3149 1218 3217 mihi,
1269 3167 1486 3204 summa
1523 3149 1758 3204 dicende
1820 3150 1993 3205 Vilice
2014 3151 2283 3205 siluarum
2304 3154 2362 3204 et
2383 3149 2522 3203 mihi
2540 3165 2630 3203 me
2651 3147 2939 3203 reddentis

709 3238 942 3275 camena
978 3221 1029 3288 Ι,
1070 3227 1117 3274 1.
1884 3222 2059 3304 agelli
2096 3223 2144 3289 Ι,
2187 3228 2268 3278 14.

635 3292 823 3346 Prisco
880 3291 927 3345 si
972 3291 1178 3360 credis,
1235 3292 1530 3346 Maecenas
1577 3292 1757 3360 docte,
1814 3293 1981 3348 Vrbis
2047 3295 2355 3347 amatorem
2416 3293 2654 3345 Fuscum
2720 3291 2941 3345 saluere

706 3362 932 3417 Cratino
970 3364 1019 3429 Ι,
1063 3369 1143 3417 19.
1885 3364 2142 3418 iubemus
2180 3364 2229 3431 I,
2272 3370 2353 3418 10.

637 3435 792 3499 Quae
820 3434 893 3487 sit
911 3433 1088 3486 hiems
1108 3434 1319 3499 Veliae,
1349 3434 1496 3502 quod
1518 3435 1750 3502 caelum,
1815 3436 1893 3489 Vt
1946 3435 2388 3503 proficiscentem
2446 3432 2609 3488 docui
2659 3435 2718 3487 te
2768 3449 2943 3503 saepe

673 3505 879 3573 ·Vala,
920 3504 1142 3559 Salerni
1179 3506 1228 3574 I,
1271 3511 1352 3559 15.
1886 3506 2090 3575 diuque
2128 3508 2178 3573 Ι,
2220 3513 2301 3559 13.

1525 3682 1667 3736 ARS
1706 3683 2038 3737 POETICA.

633 3791 894 3847 Humano
933 3787 1110 3859 capit-i
1148 3788 1423 3843 ceruicem
1460 3788 1643 3859 pictor
1681 3789 1941 3857 equinam
