3225 5000
567 283 653 347 50
1528 284 1896 335 CARMINVM

888 442 1009 502 Hac
1070 449 1126 501 te
1176 444 1529 516 merentem,
1576 433 1807 493 Bacche
1853 437 2050 509 pater,
2097 434 2232 486 tuae

872 530 1116 591 ‚Vexerc
1165 519 1349 606 tigres
1396 523 1641 585 indocili
1687 525 1892 601 iugum

984 619 1144 679 Collo
1192 616 1524 693 trahentes;
1569 612 1681 671 hac
1729 610 2017 680 Quirinus

736 723 801 770 16
1073 706 1276 766 Martis
1323 705 1493 782 equis
1539 700 1873 760 Acheronta
1920 696 2096 774 fugit,

896 800 1142 860 Gratum
1189 794 1417 854 elocuta
1466 786 1915 850 consiliantibus

894 888 1119 948 Iunone
1168 885 1350 943 diuis:
1399 877 1568 940 ‘Ilion
1583 928 1599 959 ,
1647 878 1796 938 Ilion

986 973 1201 1035 Fatalis
1247 975 1637 1046 incestusque,
1679 965 1855 1026 iudex

738 1078 806 1125 20
1076 1063 1151 1122 Et
1198 1060 1411 1120 mulier
1455 1057 1771 1137 peregrina
1817 1053 2002 1114 uertit

895 1156 961 1215 In
1010 1152 1350 1231 puluerem,
1397 1167 1468 1207 ex
1516 1164 1633 1225 quo
1682 1144 1953 1205 destituit
1999 1139 2143 1198 deos
2243 1155 2248 1158 ’

896 1241 1168 1303 Mercede
1217 1247 1386 1318 pacta
1432 1233 1798 1312 Laomedon,
1844 1229 1988 1291 mihi

988 1331 1314 1407 Castaeque
1362 1327 1704 1386 damnatum
1749 1322 2053 1381 Mineruae

738 1433 808 1481 24
1078 1418 1227 1478 Cum
1272 1414 1491 1496 populo
1539 1422 1599 1474 et
1648 1412 1798 1473 duce
1846 1404 2241 1469 fraudulento.
2298 1454 2338 1472 .,

902 1511 1019 1569 lam
1066 1526 1176 1567 nec
1222 1506 1520 1565 Lacaenae
1571 1499 1842 1580 splendet
1888 1494 2187 1557 adulterae
2270 1504 2276 1509 ·

902 1600 1187 1659 Famosus
1233 1595 1452 1673 hospes
1500 1609 1610 1650 nec
1657 1589 1878 1649 Priami
1924 1586 2135 1646 domus

992 1687 1242 1746 Periura
1287 1700 1586 1762 pugnaces
1635 1678 1892 1739 Achiuos

745 1788 812 1835 28
1082 1775 1393 1834 Hectoreis
1442 1769 1655 1849 opibus
1704 1767 2004 1845 refringit,

905 1866 1256 1940 Nosti-isque
1305 1861 1550 1920 ductum
1599 1853 1993 1918 seditionibus

907 1953 1136 2013 Bellum
1182 1949 1419 2010 resedit.
1468 1951 1744 2028 protinus
1793 1953 1853 2004 ct
1898 1943 2097 2022 grauis

996 2041 1120 2101 iras
1168 2048 1228 2100 et
1273 2040 1533 2099 inuisum
1582 2043 1889 2115 nepotem,

750 2145 818 2193 32
1087 2129 1300 2189 Troica
1346 2145 1524 2206 quem
1569 2126 1805 2205 peperit
1850 2117 2155 2198 sacerdos,

908 2220 1080 2280 Marti
1126 2215 1454 2296 redonab03
1499 2214 1666 2276 illum
1713 2231 1822 2291 ego
1870 2207 2096 2270 lucidas

909 2310 1065 2369 [nire
1114 2306 1285 2367 sedes
1298 2355 1315 2387 ,
1363 2303 1900 2365 discere-nectaris

1003 2397 1191 2457 Sucos
1240 2403 1299 2455 et
1346 2393 1604 2454 adscribi
1653 2392 1869 2470 quietis

752 2502 820 2549 36
1091 2483 1414 2546 Ordinibus
1461 2484 1650 2562 patiar
1697 2481 1961 2540 deorum.

914 2576 1064 2636 Dum
1113 2574 1324 2652 longus
1370 2576 1526 2633 inter
1575 2572 1799 2630 saeuiat
1846 2568 1992 2627 [lion

915 2665 1277 2741 Romamque
1324 2671 1570 2741 pontuS,
1619 2657 1880 2737 qualibet
1927 2653 2131 2715 exules

1003 2754 1070 2812 In
1117 2760 1284 2831 parte
1337 2757 1625 2828 regnanto
1674 2748 1858 2827 beati3

757 2856 825 2904 40
1094 2841 1244 2901 Dum
1292 2839 1513 2899 Priami
1559 2836 1907 2914 Paridisque
1953 2833 2131 2893 busto

917 2930 1169 2991 Insultet
1194 2936 1551 3011 armentum
1598 2933 1659 2986 et
1705 2924 1931 2986 catulos
1947 2922 1962 2932 '
1980 2923 2140 2981 ferae

920 3020 1126 3079 Celent
1171 3017 1422 3098 inultae,
1470 3025 1587 3076 stet
1634 3014 1986 3094 Capitolium

932 3173 945 3185 ,
1010 3107 1266 3185 Fulgens
1315 3106 1810 3185 triumphatisque
1857 3102 2046 3182 possit

762 3211 831 3257 44
1101 3196 1283 3256 Roma
1334 3197 1497 3255 ferox
1547 3195 1686 3254 dare
1732 3196 1860 3252 iura
1908 3189 2111 3250 Medis
2161 3187 2162 3190 ’

922 3284 1226 3345 Horrenda
1275 3286 1388 3344 late
1437 3302 1653 3343 nomen
1698 3285 1758 3342 in
1808 3282 2045 3341 ultimas

923 3374 1215 3434 Extendat
1261 3393 1420 3454 oras,
1468 3391 1583 3452 qua
1630 3371 1862 3430 medius
1907 3369 2103 3447 liquor

1015 3463 1287 3523 Secernit
1331 3462 1612 3540 Europen
1660 3452 1731 3519 ab
1780 3460 1951 3538 Afro,

767 3564 834 3612 48
1105 3551 1231 3621 Qua
1280 3552 1542 3611 tumidus
1589 3552 1742 3627 rigat
1788 3566 1929 3607 arna
1976 3544 2168 3624 Nilus,

844 3639 855 3646 “
926 3641 1150 3701 Aurum
1196 3635 1564 3719 inrepertum
1614 3645 1674 3698 et
1722 3640 1805 3697 sic
1853 3635 2064 3696 melius
2112 3634 2315 3711 situm,

929 3729 1075 3788 Cum
1125 3738 1284 3789 terra
1332 3728 1505 3808 celat,
1554 3744 1839 3805 spernere
1890 3726 2099 3784 fortior

1018 3818 1207 3888 Quam
1254 3836 1467 3896 cogere
1515 3817 1804 3875 humanos
1850 3817 1922 3874 in.
1960 3831 2105 3872 usus

771 3922 836 3969 52
1107 3907 1295 3967 Omne
1344 3923 1580 3966 sacrum
1626 3906 1891 3983 rapiente
1942 3903 2173 3980 dextra3

861 4057 1035 4064 ..—--—-

1054 4140 2463 4235 A‘(Aa)yovRF(q02p)r(u)r«52>n²<wmw<uv>

758 4297 820 4347 17
866 4289 1219 4358 Porphyrion
1257 4292 1448 4342 auctor
1484 4293 1560 4341 est
1593 4286 1765 4352 fuisse
1801 4288 1897 4354 qui
1932 4287 2060 4339 inde
2097 4286 2165 4338 ab
2193 4286 2291 4338 hoc
2326 4300 2491 4338 uersu
2527 4298 2730 4336 nouam
2767 4282 2914 4336 oden

614 4366 859 4431 incipere
896 4361 1304 4415 arbitrarentur
1440 4365 1508 4412 34
1546 4357 1759 4411 discere
1786 4352 2266 4424 vaRFa'n‘uA'2
2299 4356 2500 4423 Porph.
2529 4354 2628 4407 Ac.
2704 4353 2918 4407 ducere

614 4431 767 4491 Α’λύ
924 4438 991 4484 46
1032 4431 1293 4483 extendet
1329 4430 1429 4482 Ac,
1515 4413 1783 4483 Extendit
1821 4429 1918 4496 (an
1953 4427 2286 4496 Extendeta)
2326 4428 2384 4480 δι
2468 4424 2752 4479 Extendat
2788 4431 2912 4478 cett.
