3225 5000
666 288 790 356 172
1618 306 1998 354 SERMONVM

977 453 1127 515 the
1175 461 1370 532 tegam
1415 471 1635 533 spurco
1681 451 1896 513 Damae
1942 449 2140 514 latus?
2184 453 2332 514 baut
2374 454 2455 514 ita
2501 451 2713 513 Troiae

975 541 1069 603 Me
1117 544 1298 621 gessi,
1347 550 1583 602 certans
1630 560 1867 623 semper
1912 541 2275 603 melioribus.
2367 537 2532 620 ‘ergo

818 643 886 691 20
976 631 1211 710 Pauper
1258 626 1418 691 eris'.
1509 631 1728 692 fortem
1772 630 1885 691 hoc
1932 633 2194 691 animum
2241 630 2495 691 tolerare
2539 629 2789 692 iubebo:

980 720 1057 781 Et
1103 719 1400 799 quondam
1447 722 1669 780 maiora
1715 720 1843 781 tuli.
1935 728 2002 780 tu
2047 722 2323 799 protinus
2368 719 2527 780 unde

981 808 1231 870 Diuitias
1277 811 1548 888 aerisque
1596 826 1769 870 ruam
1814 809 1937 890 dic,
1983 827 2198 889 augur,
2245 827 2511 869 aceruos,

983 894 1139 958 ‘Dixi
1184 898 1462 977 equidem
1508 905 1569 958 et
1614 898 1775 960 dico:
1823 906 2024 978 captes
2071 906 2303 960 astutus
2349 896 2572 977 ubique

823 998 892 1046 24
982 986 1362 1047 Testamenta
1408 1005 1646 1067 senum,
1692 1005 1838 1068 neu,
1883 990 1935 1047 si
1980 988 2150 1048 uaser
2195 1005 2352 1048 unus
2398 994 2459 1047 et
2504 986 2653 1047 alter

982 1075 1395 1136 Insidiatorem
1440 1094 1724 1155 praeroso
1773 1076 1991 1155 fugerit
2036 1075 2240 1156 hamo,

981 1165 1098 1225 Aut
1144 1183 1312 1245 spem
1357 1165 1618 1244 deponas
1665 1173 1766 1225 aut
1813 1173 2002 1225 artem
2046 1165 2277 1225 inlusus
2324 1167 2577 1225 omittas,

980 1252 1189 1333 Magna
1234 1256 1508 1315 minorue
1556 1254 1686 1314 soro
1734 1256 1787 1314 si
1831 1273 1929 1314 res
1977 1253 2304 1315 certabitur
2349 1253 2516 1333 olim,

824 1355 892 1403 28
983 1342 1158 1404 Viuet
1203 1351 1340 1403 uter
1384 1342 1651 1422 locuples
1698 1345 1826 1403 siue
1872 1346 2091 1423 gnatis,
2136 1341 2445 1423 improbus
2458 1388 2476 1421 ‚
2522 1341 2681 1402 ultro

984 1432 1101 1503 Qui
1147 1431 1455 1492 meliorem
1501 1431 1692 1493 audax
1735 1439 1913 1492 uocet
1956 1435 2020 1492 in
2066 1435 2192 1513 iuS,
2237 1432 2397 1493 illius
2442 1438 2571 1491 esto

986 1518 1301 1601 Defensor3
1348 1521 1501 1580 fama
1547 1522 1742 1581 ciuem
1790 1539 2085 1601 causaque
2129 1523 2392 1600 priorem

987 1608 1244 1690 Sperne,
1291 1610 1452 1669 domi
1498 1612 1548 1670 si
1595 1618 1808 1687 gnatus
1856 1611 2345 1671 erit·secundaue
2394 1610 2669 1669 coniunx.

827 1711 893 1758 32
987 1693 1300 1769 “Quinte''
1347 1707 1492 1778 puta
1537 1705 1642 1759 aut
1688 1694 1955 1759 “Publi''
2004 1694 2295 1778 (gaudent
2329 1698 2712 1779 praenomine
2750 1697 2969 1757 molles

985 1781 1351 1870 Auriculae)‚
1397 1783 1554 1848 “tibi
1598 1805 1695 1848 me
1742 1789 1938 1848 uirtus
1985 1797 2086 1849 tua
2133 1789 2276 1849 fecit
2320 1789 2602 1848 amicum:

985 1876 1085 1937 Ius
1132 1895 1349 1956 anceps
1396 1879 1564 1956 noui,
1612 1895 1820 1937 causas
1867 1876 2186 1937 defendere
2231 1894 2507 1957 possum3

985 1963 1215 2044 Eripiet
1262 1967 1460 2045 quiuis
1508 1965 1713 2026 oculos
1760 1967 1936 2027 citius
1981 1966 2127 2027 mibi
2171 1983 2348 2045 quam
2395 1973 2455 2025 te

827 2066 895 2114 36
989 2053 1405 2135 Contemptum
1453 2072 1668 2134 quassa
1715 2073 1866 2116 nuce
1913 2063 2227 2135 pauperet:
2280 2054 2428 2114 haec
2475 2071 2603 2136 mea
2650 2071 2794 2113 cura
2840 2061 2969 2134 est,

985 2142 1214 2223 Nequid
1265 2152 1330 2205 tu
1376 2144 1591 2223 perdas
1637 2163 1757 2204 neu
1804 2147 1886 2204 sis
1932 2139 2165 2205 iocus’'.
2257 2146 2345 2203 ire
2392 2142 2629 2203 domum
2679 2150 2859 2220 atque

985 2232 1326 2294 Pelliculam
1374 2251 1585 2294 curare
1633 2232 1800 2313 iube3
1846 2234 1885 2293 fi
1931 2234 2202 2312 cognitor
2246 2235 2408 2312 ipse:

984 2321 1195 2383 Persta
1241 2329 1419 2402 atque
1465 2320 1720 2402 obdura,
1768 2341 1876 2383 seu
1921 2321 2104 2383 rubra
2152 2321 2429 2383 Canicula
2473 2318 2657 2380 findet

829 2420 898 2470 40
989 2411 1237 2471 Infantis
1285 2419 1536 2491 statuas,
1584 2430 1691 2471 seu
1740 2414 1947 2491 pingui
1993 2418 2195 2471 tentus
2242 2428 2443 2471 omaso

988 2500 1206 2562 Furius
1250 2500 1530 2561 hibernas
1578 2520 1723 2561 cana
1769 2503 1919 2562 niue·
1957 2508 2249 2581 conspuet
2292 2500 2471 2579 Alpis.

990 2584 1247 2651 “Nonne
1295 2585 1511 2652 uides''
1559 2590 1772 2669 aliquis
1818 2590 2019 2651 cubito
2066 2597 2319 2650 stantem
2366 2607 2552 2667 prope
2599 2595 2849 2666 tangens

989 2677 1253 2758 Inquiet,
1300 2674 1415 2738 “ut
1459 2680 1718 2758 patiens,
1767 2687 1832 2741 ut
1878 2681 2082 2740 amicis
2128 2686 2327 2759 aptuS‚
2372 2685 2441 2737 ut
2485 2671 2721 2737 acer?''

832 2778 901 2825 44
990 2767 1203 2828 Plures
1250 2766 1551 2828 adnabunt
1597 2767 1807 2847 thynni
1852 2776 1913 2829 et
1958 2771 2177 2829 cetaria
2223 2773 2512 2828 crescent.

991 2856 1156 2917 Sicui
1203 2864 1508 2935 praeterea
1555 2857 1791 2917 ualidus
1837 2858 1988 2918 male
2033 2857 2190 2917 filius
2235 2859 2297 2917 in
2344 2874 2411 2915 re

987 2945 1298 3006 Praeclara
1346 2945 1612 3007 sublatus
1660 2945 1878 3027 aletur,
1923 2963 1999 3006 ne
2046 2946 2426 3006 manifestum
2477 2981 2494 2989 ae

991 3034 1245 3096 Caelibis
1291 3035 1645 3114 obsequium
1692 3035 1877 3096 nudet
1921 3043 2007 3114 te,
2052 3035 2267 3095 leniter
2311 3036 2374 3093 in
2421 3050 2587 3113 spem

832 3134 900 3182 48
989 3123 1224 3203 Adrepe
1271 3125 1603 3204 officiosus,
1650 3132 1717 3184 ut
1762 3132 1824 3185 et
1869 3123 2132 3185 scribare
2180 3122 2479 3184 secundus

991 3212 1181 3273 Heres
1228 3221 1315 3293 et,
1360 3215 1549 3292 siquis
1596 3231 1768 3274 casus
1815 3231 2069 3291 puerum
2117 3214 2307 3291 egerit
2353 3210 2539 3290 Orco,

990 3300 1058 3360 In
1106 3319 1360 3362 uacuom
1406 3303 1641 3363 uenias:
1686 3320 1932 3382 perraro
1978 3301 2124 3362 haec
2171 3301 2295 3361 alea
2342 3299 2503 3361 fallit.

994 3389 1109 3460 Qui
1155 3397 1578 3451 testamentum
1625 3390 1818 3451 tradet
1864 3390 1974 3451 tibi
2019 3408 2274 3469 cumque
2320 3387 2662 3467 legendum,

836 3487 902 3538 52
993 3477 1273 3539 Abnuere
1322 3487 1383 3540 et
1426 3478 1656 3540 tabulas
1702 3498 1735 3540 a
1780 3488 1840 3539 te
1887 3498 2199 3541 remouere
2246 3484 2574 3555 memento,

995 3567 1093 3628 Sic
1142 3574 1367 3649 tamen,
1414 3576 1480 3629 ut
1525 3567 1682 3628 limis
1728 3570 1949 3648 rapiaS,
1996 3569 2138 3647 quid
2183 3570 2375 3647 prima
2420 3564 2684 3626 secundo

994 3656 1145 3717 Cera
1189 3656 1337 3718 uelit
1382 3675 1592 3738 uersu3
1640 3657 1803 3718 solus
1849 3658 2129 3718 multisne
2176 3656 2452 3735 cohereS‚

956 3744 1191 3814 ,Veloci
1237 3765 1526 3826 percurre
1574 3745 1763 3807 oculo.
1854 3743 2206 3826 plerumque
2254 3752 2531 3806 recoctus

835 3845 902 3894 56
997 3834 1205 3895 Scriba
1252 3854 1323 3895 ex
1370 3838 1769 3916 quinqueuiro
1817 3854 2068 3897 coruum
2116 3834 2356 3896 deludet
2398 3832 2690 3913 hiantem,

1432 4041 2214 4132 ammonentem
2301 4127 2309 4134 .

820 4172 886 4221 18
937 4165 1161 4236 Troiae]
1211 4165 1360 4220 troia
1404 4167 1581 4234 mllay
1727 4173 1793 4220 22
1850 4166 2031 4236 ruam]
2080 4182 2269 4219 eruam
2318 4163 2411 4232 Ey
2496 4162 2708 4217 ‘ruam.·
2753 4164 2973 4218 eruam’

679 4231 903 4320 Por-ph!
932 4238 1064 4292 Aer.
1210 4243 1280 4291 36
1320 4237 1547 4307 quassa]
1587 4254 1748 4292 cassa
1775 4238 1965 4291 Luar.
2167 4240 2234 4290 38
2273 4235 2311 4288 fi
2338 4234 2673 4304 vaDzsIJv
2747 4234 2798 4288 si
2826 4235 2975 4289 aFl1

747 4326 823 4391 ⁸.¹⁸
864 4324 969 4376 νιφ
990 4324 1187 4391 coron-y
1259 4308 1313 4363 ei
1348 4308 1413 4362 fit
1445 4325 1481 4377 9
1626 4314 1692 4362 39
1732 4308 1949 4378 Persta]
2039 4308 2187 4361 resta
2214 4301 2317 4361 Fz'
2438 4311 2586 4388 ‘post
2612 4312 2769 4387 “·.44
2797 4322 2977 4392 wnugn

675 4379 872 4445 folmm
899 4381 1101 4433 excudat
1128 4397 1192 4433 m
1218 4398 1251 4433 ν
1379 4386 1447 4434 48
1476 4379 1697 4448 Adrepe
1726 4379 1903 4448 EyeL
1962 4379 2174 4448 Arrepe
2201 4378 2296 4446 yD
2310 4381 2372 4431 ut
2386 4377 2500 4432 md.
2565 4377 2765 4446 Ampe
2796 4376 2925 4431 an
2943 4394 2974 4431 v

733 4468 799 4523 ut
827 4466 907 4540 et]
950 4468 1013 4520 ut
1043 4468 1162 4534 (om.
1194 4468 1273 4540 et)
1301 4485 1337 4540 9
1408 4469 1467 4522 et
1493 4469 1558 4521 ut
1585 4467 1670 4525 Ee
1690 4469 1754 4521 in
1771 4484 1880 4523 ras,
1954 4468 2020 4524 ut
2046 4466 2100 4524 ei
2132 4466 2468 4539 Maduiyius
2613 4469 2681 4522 56
2720 4449 2916 4521 delud‘
2937 4482 2975 4540 9

3103 13 3191 247 &A
