3225 5000
1291 267 1403 314 VV.
1434 264 1715 313 220—288
2516 252 2643 317 241
2733 242 2752 265 ⁸

676 409 931 474 Momen
978 411 1249 486 iambeiS,
1300 431 1434 472 cum
1484 431 1660 472 senos
1707 412 1987 473 redderet
2032 416 2186 475 ictus

675 502 912 563 Primus
958 501 1028 560 ad
1078 508 1408 561 extremum
1457 501 1666 561 similis
1715 502 1856 562 sibi:
1903 520 2022 562 non
2068 505 2147 563 ita
2196 503 2454 585 pridem,

677 591 926 650 Tardior
975 599 1040 650 ut
1085 590 1259 668 paulo
1307 593 1667 668 grauiorque
1715 593 1951 650 ueniret
1996 592 2068 652 ad
2115 595 2301 667 auris,

482 691 584 741 256
679 679 986 758 Spondeos
1035 678 1261 739 stabilis
1308 684 1369 738 in
1416 682 1547 740 iura
1594 688 1841 757 paterna
1889 683 2116 759 recepit
2325 664 2346 687 ⁴

676 768 1034 828 Commodus
1080 778 1140 827 et
1184 770 1442 847 patiens,
1489 786 1609 827 non
1658 776 1723 829 ut
1769 768 1841 827 de
1891 768 2028 829 sede
2077 770 2336 830 secunda

678 857 931 918 Cederet
976 864 1078 916 aut
1124 865 1333 935 quarta
1381 857 1695 916 socialiter.
1787 857 1884 917 hic
1933 865 1992 917 et
2035 860 2099 918 in
2146 858 2286 919 Acci

609 1018 618 1027 μ
674 945 983 1005 Nobilibus
1030 948 1316 1042 trimeffis
1363 952 1608 1025 apparet
1653 964 1852 1027 rarus,
1900 955 1960 1006 et
2002 946 2160 1007 Enni

482 1048 584 1097 260
677 1035 741 1095 In
791 1052 1062 1094 scaenam
1110 1037 1322 1094 missos
1369 1053 1505 1094 cum
1555 1053 1766 1112 magno
1812 1034 2074 1113 pondere
2125 1054 2337 1097 uersus

675 1127 791 1184 Aut
839 1142 1052 1202 operae
1101 1123 1312 1183 celeris
1358 1125 1604 1184 nimium
1656 1142 1917 1201 curaque
1966 1128 2222 1186 carentis

675 1213 791 1273 Aut
835 1214 1137 1291 ignoratae
1176 1215 1394 1291 premit
1440 1214 1585 1272 artis
1634 1214 1881 1272 crimine
1930 1216 2107 1292 turpi.

674 1301 805 1361 Non
852 1303 1052 1380 quiuis
1098 1301 1263 1361 uidet
1308 1301 1671 1360 inmodulata
1716 1308 1988 1379 poemata
2033 1302 2240 1383 iudex,

384 1420 407 1425 ··
481 1403 584 1450 264
675 1389 752 1452 Et
797 1391 929 1450 data
975 1390 1255 1450 Romanis
1302 1393 1536 1450 ueniast
1580 1389 1817 1467 indigna
1866 1392 2074 1469 poetis

673 1479 977 1539 Idcircone
1027 1497 1208 1556 uager
1256 1479 1629 1556 scribamque
1676 1478 1953 1559 licenter,
2002 1498 2073 1539 an
2123 1482 2315 1540 omnis

674 1568 917 1629 Visuros
964 1576 1203 1646 peccata
1252 1576 1470 1647 putem*
1504 1586 1663 1646 mea,
1709 1575 1876 1627 tutus
1922 1575 1983 1627 et
2030 1570 2182 1649 intra

675 1657 853 1736 Spem
901 1660 1123 1717 ueniae.
1158 1654 1414 1718 cautus?
1460 1659 1646 1716 uitaui
1694 1655 1951 1734 (lenique
2000 1657 2261 1738 culpam,

480 1758 581 1808 268
674 1746 802 1806 Non
855 1745 1084 1806 laudem
1136 1749 1343 1807 merui.
1438 1764 1545 1806 uos
1594 1745 1950 1824 exemplaria
1996 1746 2217 1807 Graeca

671 1834 975 1894 Nocturna
1022 1843 1260 1894 uersate
1312 1854 1520 1913 manu,
1571 1842 1805 1894 uersate
1854 1833 2084 1895 diurna.

671 1922 744 1983 At
788 1925 979 1983 uestri
1026 1926 1233 2002 proaui
1281 1924 1584 1983 Plautinos
1634 1931 1693 1982 et
1740 1941 2023 1983 numeros
2071 1933 2131 1984 et

670 2011 1017 2072 Laudauere
1067 2012 1245 2086 sales,
1294 2014 1539 2074 nimium
1589 2014 1883 2090 patienter
1934 2020 2281 2094 utrumque,

487 2114 588 2162 272
681 2101 765 2161 Ne
814 2101 1002 2160 dicam
1053 2102 1260 2182 stulte,
1307 2102 1532 2180 mirati,
1579 2102 1630 2159 si
1676 2099 1850 2159 modo
1898 2119 2007 2178 ego
2056 2109 2115 2161 et
2164 2121 2272 2162 uos

673 2190 906 2250 Scimus
954 2190 1312 2250 inurbanum
1358 2189 1553 2268 lepido
1602 2207 1893 2267 seponere
1942 2189 2128 2271 dicto,

670 2278 1143 2358 Legitimumque
1192 2298 1402 2339 sonum
1451 2278 1650 2355 digitis
1697 2277 1977 2337 callemus
2025 2286 2083 2338 et
2130 2297 2290 2340 aure.

669 2367 941 2445 Ignotum
991 2371 1246 2446 tragicae
1295 2386 1484 2446 genus
1530 2369 1833 2427 inuenisse
1883 2385 2158 2428 camenae

406 2473 412 2479 ·
478 2469 580 2519 276
674 2456 901 2517 Dicitur
950 2464 1010 2517 et
1056 2457 1337 2537 plaustris
1383 2458 1618 2517 nexisse
1666 2464 1936 2535 poemata
1983 2455 2263 2538 Thespis,

671 2547 832 2616 Quae
881 2556 1165 2607 canerent
1211 2554 1571 2625 agerentque
1619 2548 1893 2624 peruncti
1943 2546 2206 2606 faecibus
2255 2566 2374 2607 ora.

669 2634 815 2695 Post
858 2635 1017 2695 hunc
1065 2654 1354 2715 personae
1403 2634 1707 2713 pallaeque
1756 2642 2029 2712 repertor
2074 2636 2355 2696 honestae

669 2724 993 2802 Aeschylus
1040 2734 1100 2785 et
1147 2725 1394 2786 modicis
1441 2725 1721 2784 instrauit
1766 2724 1989 2802 pulpita
2040 2725 2217 2803 tignis

475 2826 579 2874 280
670 2812 746 2872 Et
792 2813 993 2873 docuit
1039 2831 1436 2892 magnumque
1485 2812 1647 2889 loqui
1696 2814 1922 2890 nitique
1971 2821 2239 2873 coturno.
2311 2804 2319 2810 ’

671 2902 974 2962 Successit
1020 2911 1195 2963 uetus
1242 2902 1335 2961 his
1382 2899 1713 2979 comoedia,
1761 2920 1879 2960 non
1929 2903 2056 2960 sine
2104 2901 2286 2961 multa

668 2989 892 3069 Laude3
943 2991 1047 3050 sed
1095 2994 1155 3051 in
1204 2992 1415 3051 uitium
1463 2989 1705 3049 libertas
1754 2989 1972 3049 excidit
2018 2998 2078 3050 et
2125 2993 2247 3049 uim

668 3078 910 3157 Dignam
958 3079 1086 3158 lege
1135 3081 1287 3157 regi:
1334 3079 1428 3138 lex
1476 3088 1567 3138 est
1613 3085 1882 3159 accepta,
1929 3077 2266 3157 chorusque

476 3181 581 3229 284
672 3167 955 3246 Turpiter
1001 3171 1252 3247 opticuit
1299 3167 1528 3227 sublato
1576 3169 1708 3227 iure
1757 3167 2025 3227 nocendi.

668 3256 759 3316 Nil
807 3259 1222 3336 intemptatum
1271 3251 1462 3316 nostri
1508 3256 1737 3334 liquere
1788 3264 2023 3336 poetae3

666 3344 789 3404 Nec
837 3347 1143 3407 minimum
1193 3364 1467 3405 meruere
1515 3344 1700 3406 decus
1747 3346 1999 3423 uestigia
2047 3344 2268 3406 Graeca

666 3435 811 3494 Ausi
858 3435 1134 3495 deserere
1185 3444 1244 3495 et
1290 3434 1590 3494 celebrare
1640 3434 1961 3494 domestica
2008 3435 2189 3515 sacta,

473 3535 575 3584 288
667 3522 768 3582 Vel
817 3525 920 3601 qui
966 3531 1302 3603 praetextas
1348 3523 1445 3583 uel
1493 3525 1596 3602 qui
1644 3523 1902 3583 docuere
1950 3532 2194 3602 togatas

1128 3650 1169 3698 a

786 3773 2203 3865 ava‘fflefflampn‘nz)a'(‹52>n‘(wL)u‘(m>)

489 3930 592 3979 253
666 3925 884 3979 Nomen
947 3941 1088 3980 omn.
1160 3920 1318 3993 Pph!
1372 3920 1592 3992 Porph.'
1642 3925 1775 3979 Aer.
1875 3942 2099 3980 momen
2169 3925 2499 3981 Ribbeckius

343 4001 449 4049 255
478 3997 711 4065 paulum
737 3992 834 4067 a'y
904 3996 1073 4064 paulo
1103 4001 1219 4049 cett.
1250 3992 1556 4064 Pph.'Acr.
1592 3996 1812 4049 Plotius
1947 4002 2048 4050 261
2080 3995 2314 4050 nimium
2343 3997 2538 4052 celeris
2567 4017 2640 4068 ay

415 4068 641 4121 sceleris
659 4068 896 4121 nimium
914 4067 1016 4135 Bw
1063 4067 1262 4121 celeris
1282 4066 1517 4121 nimium
1539 4072 1655 4122 cett.
1675 4063 1833 4136 Pphf
1927 4072 2031 4120 265
2053 4085 2125 4121 an
2146 4064 2638 4136 ava'RFz'd'n'v

341 4138 475 4192 Aer,
558 4142 626 4191 ut
667 4155 739 4191 πυ
760 4155 883 4191 uar.
1028 4144 1130 4192 267
1179 4141 1412 4192 cautus?
1458 4137 1640 4192 uitani
1686 4139 1837 4193 codd.
1886 4140 2017 4192 Aer.
2065 4144 2283 4193 tractat.
2337 4140 2637 4196 Vindobon.

416 4251 429 4265 .
468 4251 479 4263 .
523 4250 536 4264 .
575 4212 770 4263 cautus
807 4207 987 4262 nitaui
1023 4212 1336 4278 interpuny.
1375 4209 1742 4263 Doederlinus
1884 4215 1987 4262 273
2026 4209 2236 4263 dictum
2275 4227 2353 4280 πῃ
2425 4211 2572 4265 dicto
2606 4233 2640 4265 v

340 4279 498 4334 dicto
545 4286 660 4334 cett.
704 4276 861 4348 Pph!
903 4282 1034 4334 Aer.
1179 4286 1281 4334 277
1332 4280 1453 4351 ora]
1502 4281 1639 4334 atris
1674 4275 1745 4333 B'
1829 4280 1967 4351 orffa
2005 4298 2047 4332 π
2129 4297 2228 4335 ora.
2264 4287 2381 4335 cett.
2419 4288 2639 4339 tractat.

352 4351 660 4407 Vindobon.
806 4357 907 4404 279
947 4352 1281 4422 Aeschylus]
1321 4351 1647 4420 Aeschynns
1683 4345 1917 4419 ipl'dpr.
1993 4352 2302 4407 Aeschinus
2339 4353 2419 4406 11³1
2441 4360 2504 4407 ut
2522 4356 2639 4409 uid.

340 4442 384 4490 φ
397 4439 491 4492 pr.
512 4418 657 4476 zn'u'
733 4423 1024 4492 Aescyuus
1061 4423 1117 4476 R
1153 4439 1277 4492 opp.
1318 4428 1431 4477 cett.
1478 4418 1636 4491 Pph!
1681 4416 1902 4490 Porph!
2048 4439 2103 4477 u.
2143 4429 2247 4477 283
2269 4427 2436 4494 ‚omis
2474 4425 2530 4478 B

447 4531 702 4566 nonAnvs.
2146 4517 2211 4567 16
