3225 5000
570 445 661 525 ,π’
705 476 771 495 =
808 449 952 505 liber
989 449 1336 519 archetypus
1374 450 1630 505 codicum
1668 469 1711 504 π
1747 453 1805 505 et
1840 449 1907 504 L.

925 557 968 592 π
1004 564 1072 585 ---
1118 538 1292 594 codex
1329 537 1612 594 Parisinus
1653 544 1825 594 10310
1866 541 2078 595 saeculi
2114 541 2331 596 x—XI.

925 626 978 681 L
1015 653 1082 673 =
1123 627 1299 683 codex
1336 626 1639 697 Lipsiensis
1673 645 1789 698 rep.
1832 630 1872 684 I.
1914 635 1963 684 4.
1998 636 2072 684 38
2112 627 2322 684 saeculi
2360 628 2427 684 X.

605 709 660 769 α’
700 739 767 762 ==
804 716 950 771 liber
987 717 1320 785 archetypus
1357 716 1614 772 codicum
1651 735 1692 772 u
1729 719 1788 772 et
1823 736 1873 773 v.

926 821 967 858 u
986 830 1054 850 =
1076 804 1249 859 codex
1275 805 1558 859 Parisinus
1588 812 1727 861 7973
1759 806 1896 862 olim
1924 805 2298 862 Floriacensis
2330 804 2544 861 saeculi
2572 806 2622 858 X
2649 805 2906 874 ineuntis.

926 910 958 947 v
997 919 1063 938 =
1105 893 1280 947 codex
1315 893 1599 949 Parisinus
1635 901 1775 950 8213
1815 895 2023 959 saeculi
2062 896 2165 949 XII
2202 895 2469 951 exeuntis.

607 999 645 1052 y
683 1007 749 1028 -—-·-
789 981 1046 1037 codicum
1086 982 1323 1037 aliorum
1362 985 1463 1037 aut
1499 982 1714 1052 singuli
1743 986 1843 1039 aut
1879 983 2148 1039 nonnulli.
2181 1018 2182 1021 =
2259 1039 2266 1046 ,

616 1065 841 1140 Pamph!
881 1097 948 1117 =
986 1071 1130 1125 liber
1167 1071 1504 1142 archetypus
1540 1072 2072 1142 interpretationum
2115 1073 2319 1141 Porph.
2360 1074 2419 1127 ct
2457 1072 2614 1141 Porf.

932 1160 1138 1228 Porph.
1163 1185 1230 1206 =
1251 1159 1742 1229 interpretationes
1771 1160 1978 1215 codicis
2009 1160 2499 1216 Laureshamensis
2537 1180 2684 1218 nunc
2713 1163 2903 1218 Mona·

1036 1249 1214 1303 censis
1252 1250 1377 1304 Lat,
1419 1254 1518 1303 181
1559 1267 1703 1306 saec.
1745 1250 2017 1323 (VIIII—)
2035 1250 2102 1304 X.

931 1338 1090 1417 Pop-f.
1146 1364 1213 1383 =
1274 1336 1767 1409 interpretationes
1835 1338 2043 1394 codicis
2100 1339 2608 1396 Wolfenbuttelani
2664 1340 2906 1395 Gudiani

1032 1427 1154 1482 Lat.
1195 1433 1262 1482 85
1302 1428 1514 1484 saeculi
1551 1428 1730 1483 XIIII.

613 1510 771 1586 Pph!
813 1543 878 1562 =
916 1518 1186 1572 lemmata
1224 1518 1366 1586 Pph.
1406 1520 1463 1572 et
1503 1517 1596 1584 Pf.
1636 1518 1785 1573 inter
1820 1533 1878 1572 se
1918 1519 2298 1588 congruentia.

936 1606 1078 1675 Pph.
1117 1611 1168 1660 et
1206 1606 1300 1673 Pf.
1340 1630 1408 1652 =
1444 1606 1974 1676 interpretationum
2014 1607 2219 1676 Porph.
2258 1609 2318 1663 ct
2356 1608 2513 1675 Porf.
2552 1609 2832 1663 lemmata.

610 1696 744 1749 Acr.
788 1719 854 1739 =
891 1693 1383 1764 interpretationes
1419 1695 1873 1751 Pseudoacronis.
2483 1706 2486 1709 ’

611 1785 713 1838 Ac.
753 1810 820 1830 =
858 1784 1129 1839 lemmata
1164 1783 1630 1853 Pseudoacronis‚·
1666 1784 1788 1839 cod.
1825 1785 1899 1839 A.

609 1870 761 1943 Acr.†
803 1899 870 1919 =
906 1872 1401 1942 interpretationes
1437 1872 1611 1927 schol.
1651 1874 1706 1927 A
1746 1888 1891 1927 cons.
1932 1872 2059 1927 aliis
2096 1872 2381 1930 codicibus
2416 1876 2480 1930 ut
2514 1896 2597 1945 νγ.

607 1957 726 2016 Ασῖ
767 1987 833 2007 ---
872 1962 1142 2017 lemmata
1179 1961 1352 2017 schol.
1390 1962 1445 2016 A
1485 1978 1635 2016 cons,
1675 1960 1801 2015 aliis
1841 1960 2127 2016 codicibus
2163 1963 2229 2016 ut
2265 1981 2349 2031 νγ.
2395 1967 2404 1975 “

608 2052 769 2106 schol.
806 2056 858 2105 Γ
899 2077 966 2098 =
1013 2068 1081 2106 ea
1135 2050 1349 2105 scholia
1403 2049 1739 2120 marginalia
1792 2067 1936 2120 quae
1992 2068 2108 2105 non
2154 2052 2226 2106 ad
2270 2052 2370 2107 Ac.
2418 2054 2550 2107 Acr.
2604 2054 2904 2123 pertinent,

826 2156 1019 2195 uerum
1056 2143 1248 2195 tamen
1292 2155 1406 2194 non
1452 2139 1637 2195 solum
1682 2139 1742 2194 in
1788 2139 1911 2196 cod.
1949 2160 2010 2209 γ,
2062 2140 2163 2195 sed
2210 2140 2269 2195 in
2315 2140 2441 2195 aliis
2463 2158 2700 2211 *quoque
2745 2142 2905 2197 libris

825 2246 995 2284 manu
1041 2230 1287 2300 scriptis,
1339 2231 1403 2283 ut
1447 2228 1506 2283 in
1541 2247 1573 2283 r
1608 2229 1898 2299 Bambery.
1938 2229 2171 2284 Barcin.
2210 2229 2540 2296 Francken,
2585 2230 2904 2300 passimque

827 2318 998 2374 etiam
1034 2318 1093 2372 in
1133 2320 1252 2374 cod.
1290 2338 1323 2372 v
1363 2317 1730 2388 reperiuntur.

609 2408 765 2476 yzoss.
792 2410 844 2460 Γ
867 2432 934 2452 =
966 2424 1034 2461 ea
1061 2406 1277 2461 scholia
1301 2405 1687 2462 interlinearia
1716 2425 1858 2477 quae
1886 2425 2002 2464 non
2029 2408 2250 2463 tantum
2277 2405 2336 2460 in
2366 2406 2488 2462 cod.
2518 2426 2569 2475 γ,
2606 2407 2704 2461 sed
2734 2406 2903 2462 etiam

827 2496 885 2551 in
923 2494 1080 2563 aliis,
1119 2497 1183 2550 ut
1218 2495 1276 2554 in
1314 2496 1376 2550 Ε
1409 2515 1446 2552 a
1480 2496 1772 2567 Bambery.
1812 2497 2043 2553 Barcin.
2085 2498 2291 2551 extant.

611 2591 831 2641 tractat.
881 2586 1112 2641 Vindob.
1164 2612 1230 2632 =
1280 2587 1558 2643 tractatus
1605 2584 2052 2641 vindobonensis
2109 2585 2179 2638 de
2233 2586 2353 2638 arte
2379 2629 2384 2634 .
2399 2582 2621 2653 poetica
2667 2599 2745 2634 nr.
2798 2588 2899 2634 223

830 2675 1041 2730 saeculi
1078 2675 1170 2732 XI.
